3259 4775
310 584 348 637 42
717 595 755 634 na
777 593 905 648 orsicns

327 733 427 793 atem,
441 743 528 803 qnam
547 724 596 782 illa
616 725 728 803 perpeti
748 724 902 783 maluisset
944 724 1018 794 Quae
1038 723 1273 803 contemplantes
1287 741 1323 782 ex

359 815 482 894 pendere
496 815 648 892 oportebit,
659 815 727 892 quid
741 814 862 892 quisque
876 814 983 874 habeat
996 814 1055 873 sui:
1071 833 1164 892 eaque
1179 812 1324 882 moderari

358 903 492 964 nouvelle
506 904 632 983 experiri,
644 924 731 983 quam
744 923 775 962 sc
788 905 880 962 aliena
893 903 1022 963 deceant.
1063 904 1101 962 Id
1116 904 1196 963 enim
1209 902 1324 962 maxims

308 1002 344 1054 10
358 1014 499 1074 quemque
521 995 611 1062 decet,
627 994 704 1073 quod
725 1002 769 1052 est
791 994 931 1072 cujusque
952 994 1075 1052 maxime
1098 1013 1194 1053 suum.
1237 993 1324 1054 Saum

358 1085 477 1164 quisque
497 1085 583 1164 igitur
602 1091 703 1143 noscat
722 1083 875 1163 ingenium,
890 1102 1041 1161 acremque
1055 1102 1086 1142 se
1100 1084 1285 1142 othonorum
1297 1089 1324 1144 u

358 1176 488 1234 vitiorum
513 1194 628 1233 suorum
649 1174 776 1252 judicem
799 1174 937 1251 praebeat,
958 1192 994 1231 nc
1018 1173 1122 1232 scenici
1144 1173 1318 1252 plusquam

308 1272 341 1324 ll
358 1286 418 1334 nos,
439 1265 589 1323 videantur
609 1264 715 1322 habere
738 1262 908 1341 prudentiae.
949 1262 996 1321 Illi
1017 1263 1092 1322 enim
1113 1282 1172 1321 non
1194 1263 1325 1342 optimas⁶

358 1357 409 1415 sed
422 1356 475 1413 sibi
488 1352 794 1413 accommodatissimas
814 1352 927 1411 fabulas
946 1351 1063 1432 eligunt.
1105 1353 1162 1423 Qui
1175 1372 1245 1412 voce
1259 1349 1312 1412 fret

260 1451 289 1554 p.
314 1453 432 1516 fsunt,
457 1445 603 1523 Epigonos
628 1442 819 1520 Medumque:
841 1442 890 1520 qui
913 1449 1007 1522 gestu,
1032 1443 1235 1523 Melanippum,
1256 1442 1309 1520 015·

357 1542 564 1593 taemnestram:
586 1552 699 1611 semper
722 1533 862 1611 Rupilius,
888 1552 973 1610 quem
998 1552 1054 1612 ego
1077 1534 1202 1602 memini,
1224 1530 1308 1592 Anto

309 1632 343 1685 12
359 1644 443 1702 pam;
463 1643 519 1681 non
534 1642 610 1702 saepe
624 1625 754 1701 AEsopus
768 1623 899 1701 Ajacem.
940 1623 1019 1701 Ergo
1036 1624 1136 1682 histrio
1149 1624 1205 1682 hoc
1219 1620 1308 1682 videhil

357 1717 385 1775 in
399 1733 491 1782 scena,
506 1733 563 1772 non
577 1715 684 1773 videbit
698 1714 810 1792 sopiens
821 1713 864 1772 vir
876 1713 905 1770 in
918 1713 998 1770 vita?
1027 1714 1079 1771 Ad
1093 1733 1166 1792 quas
1180 1713 1263 1793 igitur
1272 1729 1307 1770 ra

358 1804 494 1886 aptissimi
515 1807 627 1875 erimus,
642 1805 671 1863 in
690 1804 723 1863 iis
744 1803 922 1882 potissimum
944 1803 1160 1862 elaborabimus.
1204 1803 1251 1862 Sin
1269 1761 1322 1860 ils

357 1899 472 1976 quando
493 1897 646 1956 necessitas
667 1914 718 1953 nos
738 1893 776 1951 ad
796 1912 831 1951 ea
851 1893 1011 1960 detruserit,
1026 1912 1092 1970 quae
1112 1894 1203 1952 nostri
1221 1889 1307 1972 ingeri

357 2008 413 2047 non
427 1995 519 2056 erunt,
533 1987 623 2046 omnis
643 1983 806 2043 adhibenda
827 1982 880 2040 crit
899 2000 976 2050 cura,
996 1982 1154 2052 meditatio,
1171 1980 1308 2063 diligenti,

357 2086 445 2147 ntea,
460 2079 553 2136 sinon
574 2076 684 2141 decore,
700 2080 730 2131 at
750 2092 838 2152 quam
857 2072 971 2130 minime
992 2072 1124 2132 indecore
1145 2075 1238 2133 facere
1256 2091 1308 2151 pos·¹

309 2175 343 2225 13
358 2168 453 2225 simus.
494 2166 557 2223 Nec
578 2172 638 2222 tam
659 2172 703 2223 est
723 2163 896 2231 enitendum,
911 2169 945 2220 ut
965 2163 1048 2232 bona,
1069 2182 1134 2241 quae
1154 2164 1235 2223 nobis
1255 2162 1311 2222 dau

357 2277 414 2315 non
427 2256 492 2324 sint,
507 2274 668 2332 sequamur,
683 2274 770 2332 quom
783 2262 817 2313 ut
831 2252 898 2311 vitia
911 2252 1064 2331 fugiamus.
1089 2279 1100 2306 ι

396 2437 520 2495 XXXII.
535 2437 581 2494 Ac
592 2435 704 2494 duabus
714 2435 758 2493 his
772 2433 909 2513 personis
921 2452 992 2510 quas
1003 2435 1167 2512 supradixi,
1180 2432 1315 2507 tertiaed-

356 2527 494 2606 jungitur,
504 2545 589 2604 quam
600 2545 683 2584 casus
692 2525 777 2602 aliqui
787 2531 838 2582 aut
848 2532 964 2601 tempus
972 2523 1107 2602 imponit:
1122 2533 1225 2603 quarta
1231 2525 1319 2591 eiiam

326 2626 342 2676 2
358 2637 446 2695 quom
465 2617 606 2675 nobismet
626 2615 680 2694 ipsi
701 2615 809 2693 judicio
829 2621 927 2673 nostro
949 2615 1207 2675 accommodamus.
1248 2614 1320 2675 Nam

357 2727 454 2786 regna,
479 2706 606 2784 imperia,
632 2705 801 2774 nobilitates,
826 2706 957 2775 honores,
981 2705 1096 2774 divitiae,
1122 2725 1202 2784 opes,
1225 2710 1320 2783 eaque,

357 2819 423 2877 quoe
445 2805 511 2856 sunt
531 2797 575 2855 his
595 2796 741 2864 contraria,
756 2795 785 2852 in
804 2814 873 2853 casu
890 2797 953 2865 sita,
968 2795 1143 2874 temporibus
1163 2797 1321 2875 gubernan-

325 2899 342 2950 ³
358 2898 412 2949 tur.
448 2888 508 2968 Ipsi
521 2894 618 2946 autem
632 2905 731 2965 gerere
741 2905 829 2963 quam
842 2904 984 2963 person
993 2905 1047 2944 am
1062 2886 1189 2954 velimus,
1201 2906 1219 2943 a
1228 2891 1324 2945 nostis

357 2983 502 3042 voluntate
524 2978 718 3059 proficiscitur.
760 2978 863 3054 ltaque
877 2996 909 3035 se
926 2977 973 3035 alii
990 2977 1027 3035 ad
1046 2977 1264 3055 philosophiam,
1278 2974 1323 3035 alii

357 3073 395 3130 ad
406 3072 454 3151 jus
469 3072 556 3138 civile,
572 3070 618 3128 alii
631 3069 668 3127 ad
681 3068 871 3146 eloquentiam
890 3067 1053 3145 applicant;
1074 3067 1257 3146 ipsarumque
1270 3067 1322 3127 vir-

326 3168 453 3220 itutum
475 3163 503 3220 in
524 3161 579 3218 alia
597 3160 668 3217 alius
687 3158 797 3216 mavult
817 3158 963 3216 excellere.
1005 3157 1134 3227 Quorum
1147 3176 1216 3216 vero
1229 3163 1323 3235 patres

358 3259 409 3310 ant
421 3251 542 3327 majores
557 3248 651 3325 aliqua
670 3247 760 3324 gloria
778 3248 980 3325 praestiterunt,
994 3246 1013 3304 ii
1027 3247 1143 3305 student
1156 3247 1322 3326 plerumque

359 3340 460 3421 eodem
480 3339 509 3396 in
532 3355 636 3415 genere
656 3334 747 3393 laudis
768 3339 921 3397 excellere:
947 3345 981 3397 ut
1001 3339 1035 3409 Q.
1056 3337 1177 3406 Mucius,
1194 3338 1228 3398 P.
1240 3338 1283 3407 F,
1296 3339 1324 3397 in

328 3431 421 3508 bjure
442 3428 532 3495 civili;
558 3424 651 3484 Paulli
674 3423 747 3482 filius
767 3426 921 3488 Africanus
940 3431 969 3489 in
989 3448 1019 3487 rc
1039 3428 1161 3489 militari.
1202 3429 1324 3498 Quidam

359 3525 456 3578 autem
466 3517 504 3575 ad
518 3535 565 3575 eas
579 3513 687 3583 laudes,
699 3534 770 3592 quas
784 3535 801 3573 a
815 3520 944 3594 patribus
958 3526 1139 3597 acceperunt,
1150 3518 1262 3577 addunt
1276 3518 1324 3577 ali-

359 3627 445 3686 quam
457 3625 554 3665 suam:
575 3612 609 3663 ut
622 3605 667 3664 hic
681 3605 757 3664 idem
767 3608 920 3667 Africanus
931 3609 1091 3687 eloquentia
1101 3609 1257 3667 cumulavit
1265 3606 1325 3669 bel-

359 3699 442 3757 hoam
461 3697 588 3776 gloriam,
610 3696 688 3773 quod
710 3696 786 3755 idem
807 3698 875 3756 feeit
896 3700 1071 3766 Timotheus,
1096 3698 1220 3756 Cononis
1242 3699 1326 3768 filius,

359 3789 417 3867 qui,
438 3807 504 3846 cum
524 3788 590 3846 belli
613 3787 698 3845 lando
721 3807 778 3846 non
800 3787 916 3847 inferior
938 3790 1048 3858 fuisset,
1069 3807 1156 3866 quam
1176 3795 1267 3866 pater,
1289 3787 1329 3849 ad

328 3885 346 3938 6
360 3899 423 3937 eam
436 3879 552 3938 landem
566 3878 702 3936 doetrinoe
715 3886 745 3936 et
757 3879 864 3957 ingenii
879 3879 1000 3957 gloriam
1015 3879 1128 3958 adjecit.
1169 3878 1216 3937 Fit
1229 3886 1327 3941 autom

360 3970 504 4029 interdum
530 3975 564 4026 ut
590 3967 724 4036 nonnulli,
753 3969 858 4027 omissa
884 3969 1039 4028 imitatione
1066 3969 1217 4047 majorum,
1242 3988 1327 4029 suum
