3259 4775
609 432 695 472 msa
707 432 750 473 111.
791 433 858 474 cnr.
875 435 946 474 1111.
1229 423 1280 477 111

280 553 356 638 inquit
365 560 477 621 Attius.
503 562 548 620 At
557 562 603 620 cui
611 563 724 640 regno?
753 562 1153 643 QuodaTantaloetPelopc
1164 585 1230 644 pro-

279 646 358 708 ditum
369 651 436 730 jure
451 651 640 711 obtinebatur.
682 652 758 709 Nam
773 659 881 729 quanto
895 653 991 731 plures
1010 655 1036 713 ei
1056 655 1116 733 regi
1137 632 1229 733 putes,
1247 663 1282 715 la

274 739 316 817 qui
334 741 463 799 exercitu
482 742 582 819 populi
600 741 722 799 Romani
741 742 880 819 populum
899 743 993 819 ipsum
1006 745 1166 803 Romanum
1180 765 1230 823 op-

271 828 424 908 pressisset,
440 831 638 908 civitatemque
658 850 716 889 non
739 831 825 889 modo
846 832 970 899 liberam,
985 833 1038 890 scd
1057 834 1142 891 etiam
1162 854 1230 913 gen·

270 918 342 978 tibus
354 920 552 999 imperantem,
563 921 668 979 servire
681 921 734 980 sibi
747 922 910 999 coegisset?
939 922 1024 980 Hunc
1038 929 1071 979 tu
1081 943 1151 1000 quus
1165 944 1229 983 con·

268 1009 392 1069 samue
416 1011 497 1069 labes
518 1010 547 1067 in
570 1010 664 1068 animo
687 1030 784 1069 censes
811 1010 968 1069 babuisse?
999 1030 1065 1089 quar
1089 1012 1229 1071 uulnera?

267 1095 359 1179 Cujus
379 1107 476 1158 autem
495 1100 554 1158 vita
573 1100 628 1177 ipsi
647 1107 743 1178 potest
762 1101 839 1158 utilis
859 1119 929 1169 esse,
944 1119 1010 1159 cum
1033 1101 1095 1179 ejus
1110 1102 1176 1159 vitoe
1196 1121 1230 1160 ea
1245 1110 1280 1162 14

266 1189 391 1249 conditio
410 1191 456 1258 sit,
470 1197 512 1257 ut,
527 1190 576 1267 qui
595 1190 674 1248 illam
693 1190 836 1268 eripuerit,
850 1190 880 1248 in
898 1190 1022 1248 maxima
1034 1199 1064 1249 et
1081 1192 1174 1269 gratia
1187 1192 1230 1250 fu-

264 1289 349 1340 turus
362 1280 398 1338 sit
411 1287 441 1338 et
453 1279 569 1358 gloria?
603 1280 713 1350 Quodsi
725 1281 788 1339 hoec
800 1280 880 1338 utilia
896 1299 954 1339 non
971 1289 1046 1348 sunt,
1062 1301 1127 1359 quae
1142 1282 1229 1340 maxi-
1246 1289 1280 1343 lt

266 1388 311 1428 me
323 1369 465 1439 videntur,
478 1370 546 1447 quia
565 1370 650 1449 plena
669 1376 736 1428 sunt
749 1370 895 1429 dedecoris
915 1389 948 1429 ac
965 1372 1165 1449 turpitudinis;
1186 1392 1230 1431 sa-

266 1460 301 1519 tis
321 1479 491 1538 persuasum
510 1479 573 1518 esse
593 1459 687 1529 debet,
706 1460 775 1518 nihil
794 1479 857 1518 esse
876 1460 954 1528 utile,
969 1462 1046 1538 quod
1066 1482 1123 1520 non
1143 1463 1229 1522 hone-

264 1557 342 1610 stum
355 1549 400 1609 sit

303 1730 401 1789 XXII.
423 1730 602 1807 Quamquam
616 1729 646 1788 id
655 1729 779 1807 quidem,
792 1750 858 1788 cum
872 1748 950 1807 saepe
964 1729 1041 1797 alins,
1052 1738 1114 1788 tum
1127 1732 1230 1809 Pyrrhi
1300 1755 1303 1764 ·

266 1821 343 1880 bello
355 1840 373 1878 a
387 1819 421 1879 Ο.
435 1819 573 1888 Fabricio,
587 1820 702 1878 consule
715 1819 827 1889 iterum,
843 1827 872 1877 et
885 1840 903 1876 a
921 1826 1022 1878 senatu
1041 1829 1138 1880 nostro
1156 1822 1229 1899 judi-

265 1918 363 1971 catum
376 1905 428 1968 cit
471 1910 546 1968 Cum
560 1910 635 1968 enim
647 1928 698 1967 rex
714 1910 843 1988 Pyrrhus
858 1911 965 1988 populo
979 1911 1109 1969 Romano
1124 1912 1230 1970 bellum
1245 1921 1261 1970 2

266 2002 343 2060 ultro
355 2000 503 2068 intulisset,
518 2018 639 2077 cumque
653 1999 690 2058 de
704 2000 821 2077 imperio
835 2008 978 2058 certamen
992 2008 1067 2058 esset
1084 2021 1149 2059 cum
1163 2021 1230 2080 roge

264 2110 405 2171 generoso
417 2109 452 2149 ac
464 2096 594 2168 potente;
616 2090 737 2168 perfuga
751 2090 788 2148 eb
802 2109 837 2148 co
850 2090 927 2147 venit
947 2090 975 2147 in
994 2098 1087 2148 castra
1100 2092 1228 2159 Fabricii,

265 2182 348 2260 eique
371 2187 416 2240 est
440 2180 589 2258 pollicitus,
613 2180 638 2237 si
661 2179 809 2257 proemium
833 2180 885 2238 sibi
909 2181 1112 2258 proposuisset,
1137 2201 1176 2249 se,
1198 2190 1231 2241 ut

264 2271 340 2332 elam
352 2270 485 2338 venisset,
500 2269 540 2327 sic
560 2269 633 2327 clam
652 2269 681 2326 in
694 2269 798 2348 Pyrrhi
819 2276 911 2327 castra
930 2270 1095 2339 rediturum,
1116 2279 1145 2330 et
1165 2291 1230 2330 eum

263 2380 374 2423 veneno
386 2366 561 2420 necaturum.
602 2355 688 2418 Hunc
701 2359 846 2418 Fabricius
860 2359 1056 2420 reducendum
1070 2363 1179 2422 curavit
1192 2364 1230 2422 ad

266 2452 426 2532 Pyrrhum:
447 2451 534 2528 idque
547 2450 609 2528 ejus
622 2450 731 2508 sactum
744 2450 894 2508 laudatum
907 2470 925 2507 a
939 2459 1039 2509 senatu
1052 2459 1103 2510 est.
1138 2454 1230 2529 Atqui
1244 2462 1261 2511 3

264 2543 287 2603 si
306 2542 434 2622 speciem
453 2540 581 2599 utilitatis
600 2540 815 2618 opinionemque
835 2540 997 2617 quoerimus,
1010 2560 1147 2618 magnum
1159 2541 1229 2599 illud

267 2634 373 2695 bollum
393 2631 516 2711 perfuga
534 2651 608 2689 unus
624 2638 654 2688 et
673 2649 791 2709 gravem
808 2629 1000 2687 adversarium
1008 2629 1122 2706 'imperii
1135 2638 1228 2688 sustu-

266 2723 360 2783 lisset:
380 2721 433 2781 sed
445 2739 584 2800 magnum
597 2720 723 2779 dedecus
736 2726 766 2777 et
780 2719 927 2799 flagitium,
939 2718 1052 2795 quicum
1065 2718 1156 2776 laudis
1170 2739 1228 2778 cer-

268 2819 362 2872 tamen
387 2811 497 2878 fuisset,
524 2829 590 2868 eum
617 2830 673 2868 non
699 2809 812 2876 virtute,
842 2808 893 2866 sed
920 2808 1027 2865 scolere
1054 2815 1227 2884 superatum.

269 2902 373 2961 Utrum
391 2900 478 2980 igitur
493 2899 588 2958 utilius
601 2899 647 2958 vel
666 2899 803 2967 Fabricio,
819 2899 868 2976 qui
880 2897 944 2955 telis
958 2898 986 2955 in
999 2896 1052 2953 hac
1066 2897 1145 2964 urbe,
1160 2916 1228 2974 qua-
1244 2906 1261 2958 4

268 2990 299 3051 lis
318 2990 462 3059 Aristides
481 2989 605 3048 Athenis
625 2989 687 3057 suit,
702 2989 748 3047 vel
767 2988 877 3046 senatui
897 2993 1002 3054 nostro,
1017 2985 1065 3062 qui
1085 3005 1231 3062 nunquam

271 3080 418 3139 utilitatem
438 3099 456 3137 a
469 3079 605 3157 dignitate
625 3078 757 3157 sejunxit,
772 3078 858 3136 armis
879 3097 945 3136 cum
963 3078 1046 3134 hoste
1060 3082 1177 3144 certare,
1192 3097 1229 3136 en

217 3178 219 3191 '
273 3169 403 3229 venenis?
445 3169 477 3227 Si
489 3168 588 3247 gloriae
602 3187 688 3227 causa
700 3168 850 3246 imperium
865 3166 1057 3244 expetendum
1070 3171 1122 3232 cst,
1137 3167 1260 3228 scelus5

275 3258 350 3329 absit,
363 3259 463 3336 inquo
476 3278 533 3316 non
546 3265 642 3336 potest
658 3277 720 3316 esse
740 3258 846 3337 gloria:
868 3257 911 3315 sin
924 3256 995 3334 ipsae
1009 3273 1078 3333 opes
1091 3263 1228 3333 expetun-

279 3352 318 3405 tur
333 3368 449 3427 quoquo
468 3348 563 3415 modo,
584 3368 640 3406 non
663 3355 797 3425 poterunt
820 3346 903 3405 utiles
929 3365 991 3404 csse
1015 3366 1081 3403 cum
1106 3346 1227 3406 infamia.

279 3432 336 3497 lion
346 3438 435 3517 igitur
447 3438 523 3496 utilis
536 3438 583 3495 illa
597 3438 629 3496 L.
644 3437 778 3516 Philippi,
794 3436 828 3506 Q.
845 3437 887 3505 F,
903 3436 1057 3494 sentcntia:
1079 3458 1150 3515 quas
1164 3439 1228 3497 civi·
1244 3444 1260 3494 6

281 3528 343 3585 taes
362 3528 395 3587 L.
410 3528 499 3596 Sulla,
514 3528 633 3606 pecunia
654 3535 781 3605 occepta,
796 3546 832 3584 ex
852 3533 966 3583 senatus
986 3527 1115 3585 consulto
1129 3528 1228 3585 libera-

281 3610 362 3685 visset,
377 3624 411 3675 ut
431 3636 474 3675 eae
494 3637 591 3682 rursus
606 3617 760 3694 vectigales
780 3622 883 3683 essent,
905 3635 996 3691 neque
1016 3615 1049 3673 iis
1070 3616 1227 3693 pecuniam,

279 3714 355 3773 luam
368 3727 421 3785 pro
433 3708 564 3766 libertate
575 3706 720 3773 dederant,
733 3706 923 3764 redderemus.
958 3706 1010 3762 Est
1020 3705 1046 3762 ei
1059 3712 1173 3763 senatus
1186 3723 1229 3760 as·
1245 3704 1259 3763 '1

233 3826 238 3833 ·
274 3801 375 3855 flbrutus.
409 3798 506 3874 Turpe
518 3796 644 3874 imperio.
679 3796 838 3854 Piratarum
852 3795 925 3852 enim
939 3794 1037 3852 mclior
1050 3793 1129 3859 fides,
1144 3812 1230 3868 quam
