3259 4775
306 596 363 651 loa
721 608 758 647 nr
779 607 908 648 ormena

351 741 399 819 jus
419 739 500 798 civile
521 757 583 797 esse
603 738 762 797 voluerunt.
803 737 889 808 Quod
911 736 1000 806 civile,
1014 756 1072 795 non
1093 736 1172 795 idem
1192 734 1305 796 continno

321 837 339 886 6
353 831 497 910 gentium
518 829 596 908 quod
610 839 707 887 autem
720 828 860 907 gentium,
871 828 948 886 idem
962 827 1042 886 civile
1056 847 1121 885 esse
1135 827 1231 886 debet.
1263 824 1309 885 Sed

309 915 312 920 ’
353 940 405 979 nos
426 919 485 977 veri
506 919 577 998 juris
599 938 800 998 germaneque
820 918 937 996 justitie
962 917 1137 976 solidam-et
1161 933 1310 997 expressam

353 1011 476 1091 effigiem
488 1011 597 1068 nullam
611 1017 757 1077 tenemus;
778 1009 882 1067 umbra
892 1015 922 1066 et
932 1008 1102 1086 imaginibus
1114 1007 1234 1066 utimur.
1266 1007 1312 1065 Eas

352 1103 429 1181 ipsas
443 1100 551 1158 utinam
566 1119 757 1177 sequeremur.
799 1099 945 1156 Feruntur
957 1099 1079 1157 enimes
1089 1098 1207 1176 optimis
1217 1104 1313 1156 nature

322 1193 338 1254 't
354 1201 383 1250 et
393 1192 519 1251 veritatis
530 1191 674 1267 exemplis.
709 1190 784 1247 Nam
796 1189 896 1266 quanti
907 1190 994 1248 verba
1007 1189 1063 1258 illa,
1078 1208 1145 1247 urr
1167 1209 1216 1247 un
1239 1207 1314 1247 rao

352 1302 440 1341 rnna
458 1302 498 1339 ra
517 1300 677 1339 rrnnuva
697 1297 792 1337 ruam
813 1299 951 1338 carrus
969 1297 1233 1339 rasurarnsvr
1251 1278 1315 1338 sris!

354 1373 656 1443 Quamillaaurea,nr
674 1390 781 1428 rurae
799 1390 914 1431 soros
933 1389 1026 1428 auur
1040 1389 1153 1428 soma
1169 1386 1317 1429 oronrrr

353 1484 396 1521 rr
417 1482 509 1521 arun
535 1462 830 1520 rnaunarrorn!
865 1459 1318 1539 Sed,quisintboni,etquidait

321 1561 339 1612 8
354 1555 425 1611 bene
439 1552 494 1630 agi,
509 1570 614 1629 magna
628 1551 747 1628 quaestio
762 1558 814 1609 est.
857 1552 890 1621 Q.
910 1551 1025 1630 quidem
1040 1551 1181 1619 Scaevola,
1198 1550 1319 1630 pontifex

352 1643 502 1711 maximus,
517 1660 658 1699 summam
672 1642 730 1699 vim
743 1661 805 1699 esse
820 1642 934 1701 dicebat
953 1642 982 1700 iu
1001 1642 1132 1700 omnibus
1146 1642 1180 1699 iis
1194 1641 1317 1709 arbitriis,

352 1734 494 1811 inquibus
507 1732 662 1790 adderetur
682 1751 725 1789 nx
745 1751 833 1789 rrnn
854 1750 966 1792 nora:
987 1732 1207 1809 fideiquebonae
1222 1749 1319 1790 nomen

353 1825 532 1883 existimabat
551 1842 667 1881 manare
686 1822 831 1890 latissime,
845 1823 932 1900 idque
952 1822 1057 1881 versari
1071 1822 1099 1880 in
1111 1822 1222 1891 tutelis,
1237 1822 1318 1880 socie-

353 1916 468 1982 tatibus,
483 1914 601 1982 fiduciis,
616 1912 766 1981 mandatis,
780 1913 868 1971 rebus
888 1912 1000 1990 emptis,
1015 1912 1146 1981 venditis,
1162 1912 1318 1979 conductis,

352 2005 459 2073 locatis,
474 2004 577 2081 quibus
591 2004 658 2062 vitae
674 2004 793 2062 societas
807 2004 1015 2062 contineretur:
1036 2004 1065 2061 in
1084 2003 1130 2061 bis
1149 2002 1249 2082 magni
1261 2020 1320 2061 esse

351 2095 454 2173 judicis
467 2102 592 2151 statuere
607 2091 777 2172 (praesertim
791 2113 857 2151 cum
879 2094 908 2151 in
931 2094 1075 2172 plerisque
1095 2099 1193 2151 essent
1211 2091 1317 2171 judicia

321 2183 503 2262 9eontraria)
517 2183 586 2261 quid
600 2203 742 2261 quemque
763 2184 865 2261 cuique
886 2191 1026 2262 praestare
1046 2190 1201 2261 oporteret.
1244 2182 1318 2251 Quo·

352 2276 426 2333 cirea
449 2275 561 2333 astutiae
585 2274 720 2332 tollendae
743 2281 818 2343 sunt,
843 2293 933 2353 eaque
956 2274 1071 2342 malitia,
1092 2293 1160 2351 quae
1179 2276 1246 2334 vult
1273 2274 1320 2332 illa

352 2365 469 2443 quidem
481 2363 578 2432 rideri,
588 2384 619 2423 se
632 2383 694 2422 esse
709 2364 899 2442 prudentiam,
911 2365 962 2424 sed
976 2366 1059 2424 abest
1072 2366 1110 2424 ab
1125 2384 1160 2424 ea
1173 2365 1318 2446 distatque

304 2464 338 2514 10
354 2455 515 2532 plurimum.
556 2454 713 2512 Prudentia
723 2462 767 2512 est
781 2457 856 2514 enim
869 2457 962 2515 locata
975 2457 1004 2514 in
1014 2456 1128 2515 delectu
1139 2457 1317 2516 bonorumet

352 2546 506 2603 malorum:
529 2544 643 2613 malitia,
665 2545 689 2601 si
717 2547 819 2615 omnia,
840 2566 906 2623 quae
928 2547 1024 2625 turpia
1047 2554 1122 2615 sunt,
1144 2548 1223 2605 mala
1246 2554 1318 2616 sunt,

304 2643 337 2694 11
353 2634 429 2692 mala
442 2634 523 2692 bonis
537 2634 617 2712 ponit
630 2640 705 2693 ante.
747 2637 809 2694 Nec
819 2656 888 2694 vero
901 2638 929 2695 in
943 2637 1057 2715 praediis
1068 2638 1161 2696 solum
1178 2639 1229 2717 jus
1243 2638 1319 2697 civile

353 2726 473 2784 ductum
486 2743 504 2781 a
516 2732 618 2783 natura
630 2725 766 2784 malitiam
777 2726 966 2805 fraudemque
976 2727 1116 2795 vindieat;
1132 2729 1184 2786 sed
1197 2729 1319 2787 etiamin

353 2816 557 2894 mancipiorum
576 2816 738 2874 venditione
758 2817 912 2876 venditoris
938 2819 1016 2876 fraus
1041 2819 1131 2876 omnis
1152 2819 1318 2878 excluditur.

306 2915 341 2967 12
358 2909 414 2977 Qui
433 2907 506 2966 anim
527 2907 598 2965 scire
609 2906 720 2975 debuit,
735 2907 772 2965 de
786 2908 915 2977 sanitate,
931 2909 967 2967 de
988 2910 1067 2988 fuga,
1083 2909 1119 2967 de
1141 2909 1235 2978 furtis,
1250 2929 1319 2988 prae·

303 3005 337 3057 13
353 3006 411 3055 stat
420 2999 513 3057 edicto
525 2998 658 3057 aedilium.
700 2997 849 3056 Heredum
863 2999 918 3056 alia
928 3007 1074 3058 causaest.
1115 3000 1162 3057 Ex
1172 3020 1231 3077 quo
1241 3001 1319 3059 intel·

353 3088 457 3166 ligitur,
472 3089 606 3165 quoniam
628 3089 700 3167 juris
721 3095 825 3147 natura
845 3089 908 3148 fons
929 3090 974 3158 sit,
989 3091 1044 3148 hcc
1059 3090 1220 3150 secundum
1240 3099 1320 3150 natu·

354 3197 414 3235 ram
427 3197 498 3245 esse,
507 3178 646 3237 neminem
660 3178 689 3236 id
704 3198 798 3257 agere,
813 3187 847 3237 ut
860 3199 896 3238 ex
910 3181 1026 3238 alterius
1040 3181 1188 3257 praedetur
1201 3181 1319 3240 inscitia

303 3274 340 3327 14
355 3268 416 3325 Nee
437 3268 496 3325 ulla
518 3267 654 3345 pernicies
667 3269 733 3326 vitae
753 3270 845 3349 major
864 3271 980 3329 inveniri
995 3277 1099 3349 potest,
1114 3290 1202 3347 quam
1216 3272 1248 3330 in
1260 3291 1319 3330 ma·
1346 3288 1352 3295 ·

353 3356 412 3414 litia
433 3356 574 3414 simulatio
597 3356 807 3435 intelligantiae:
831 3381 867 3418 ex
889 3381 947 3438 quo
969 3361 1024 3418 ista
1044 3361 1261 3420 innumerabilia
1273 3381 1321 3421 na-

333 3500 343 3535 1,
355 3453 481 3513 seuntur,
496 3452 529 3503 ut
543 3445 622 3503 utilia
636 3465 700 3504 eum
721 3449 847 3509 honestis
868 3470 997 3531 pugnare
1010 3451 1170 3511 videantur.
1212 3453 1323 3522 Quotus

330 3538 337 3658 q
358 3535 433 3592 enim
447 3535 566 3612 quisque
586 3536 750 3613 reperietur,
766 3541 823 3617 qui,
837 3542 1005 3619 impunitate
1026 3550 1056 3599 et
1075 3541 1251 3620 ignoratione
1265 3562 1325 3602 om·

355 3623 432 3682 nium
446 3624 601 3702 proposita,
616 3627 757 3687 abstinere
771 3631 861 3708 possit
873 3632 997 3710 injuria?

396 3805 510 3864 XVIII.
532 3806 736 3878 Periclitemur,
752 3811 775 3868 si
796 3811 900 3888 placet,
915 3813 944 3871 in
957 3814 990 3872 iis
1004 3814 1120 3892 quidem
1134 3815 1284 3893 exemplis,
1298 3816 1328 3876 in

324 3903 341 3957 2
356 3897 459 3977 quibus
472 3897 585 3973 peccari
599 3899 703 3977 vulgus
716 3901 862 3960 hominum
876 3904 997 3962 fortasse
1010 3924 1067 3963 non
1088 3910 1181 3982 putet.
1222 3905 1328 3985 Neque

355 3986 430 4045 anim
444 3986 481 4045 de
494 3985 607 4056 sicariis,
623 3989 762 4058 veneficis,
776 3993 1004 4062 testamentariis,
1019 3994 1138 4062 furibus,
1153 3995 1327 4072 peculatori-
