3259 4775
616 610 735 651 insuar.
778 611 844 651 cnr.
860 613 951 652 xxv11.
1256 593 1291 653 85

227 802 229 805 ,
264 759 323 798 nos
349 757 486 818 geramus
513 740 697 798 summissius,
744 742 892 800 Panaetius
919 743 1034 819 quidem
1062 744 1273 813 Africanum,5

265 829 430 888 auditorem
444 836 474 888 et
486 830 652 889 familiarem
672 851 765 899 suum,
781 832 896 890 solitum
917 834 957 890 ait
976 834 1079 903 dicere,
1093 841 1126 893 ut
1143 853 1240 912 equos,

266 927 390 999 propter
400 920 513 978 crebras
521 921 714 980 contentiones
724 923 892 1000 proeliorum
902 924 1048 983 ferocitate
1057 926 1240 993 exsultantes

265 1011 459 1069 domitoribus
480 1011 593 1070 tradere
613 1013 731 1081 soleant,
747 1014 838 1071 uthis
858 1014 1029 1073 facilioribus
1050 1016 1159 1094 possint
1179 1016 1221 1074 uti

266 1101 311 1159 sic
335 1101 463 1159 homines
478 1102 619 1164 ‚secundis
643 1105 729 1161 rebus
752 1104 904 1163 effrenatos
928 1105 1037 1182 sibique
1058 1106 1241 1183 praefidentes

266 1192 467 1268 tamquam-in
488 1212 593 1270 gyrum
614 1194 729 1251 rationis
752 1201 781 1252 et
803 1194 940 1252 doctrinae
963 1195 1029 1254 duci
1049 1202 1241 1273 oporterent

266 1282 464 1360 perspicerent
476 1302 571 1340 rerum
586 1284 774 1343 humanarum
787 1285 1010 1347 imbecillitatem
1020 1286 1241 1363 varietatemque

265 1373 404 1431 fortunae.
444 1373 543 1450 Atque
564 1373 649 1431 etiam
673 1374 701 1432 in
721 1375 930 1434 secundissimis
950 1377 1035 1434 rebus
1055 1376 1177 1434 maxime
1197 1382 1273 1434 estd
1369 1372 1372 1379 ’

265 1463 411 1522 utendum
425 1464 538 1521 consilio
552 1464 716 1532 amicorum,
731 1465 832 1542 hisque
850 1467 942 1544 major
955 1467 1049 1534 etiam,
1064 1486 1151 1545 quam
1165 1473 1239 1535 ante,
1369 1454 1372 1459 ⁴

264 1554 422 1612 tribuenda
435 1554 596 1612 auctoritas.
637 1555 801 1633 iisdemque
815 1557 992 1635 temporibus
1012 1558 1171 1616 cavendum
1186 1565 1239 1625 est,
1256 1557 1272 1616 7

265 1663 307 1702 ne
321 1644 542 1703 assentatoribus
556 1645 761 1722 patefaciamus
775 1665 867 1714 aures,
881 1666 953 1704 neve
973 1647 1083 1705 adulari
1103 1667 1155 1706 nos
1169 1648 1240 1705 sina·

264 1754 337 1793 mus
350 1753 355 1791 :
376 1734 405 1791 in
418 1753 474 1811 quo
487 1734 548 1792 falli
560 1735 643 1793 facile
657 1743 709 1794 est.
751 1736 834 1794 Tales
855 1737 931 1794 enim
950 1756 1002 1794 nos
1019 1756 1081 1794 esse
1096 1744 1239 1815 putamus,

264 1831 305 1883 ut
316 1825 382 1902 jure
395 1824 554 1883 laudemur.
589 1826 633 1884 Ex
647 1845 705 1904 quo
715 1833 872 1884 nascuntur
886 1826 1100 1884 innumerabilia
1114 1833 1241 1905 peccata,

264 1935 340 1974 eum
365 1914 492 1972 homines
517 1915 607 1973 inflati
630 1917 808 1994 opinionibus
833 1915 955 1992 turpiter
977 1915 1136 1984 irridentur,
1162 1922 1191 1973 et
1213 1917 1242 1975 in

263 2004 401 2064 maximis
414 2012 564 2063 versantur
578 2007 729 2064 erroribus

311 2185 373 2244 Sed
395 2185 461 2243 haec
486 2186 599 2263 quidem
623 2188 768 2245 hactenus,
810 2188 888 2245 Illud
911 2195 1007 2246 autem
1032 2189 1072 2246 sic
1097 2195 1141 2246 est
1165 2187 1273 2266 judi-s

264 2277 405 2344 candum,
420 2277 558 2335 maximas
579 2279 640 2356 geri
659 2297 704 2335 res
725 2285 755 2335 et
774 2279 890 2336 maximi
910 2279 995 2335 animi
1014 2280 1051 2336 ab
1071 2279 1113 2347 iia,
1128 2280 1175 2356 qui
1196 2298 1241 2336 res

264 2368 402 2449 publicas
419 2368 623 2447 regantquod
644 2388 740 2427 earum
761 2368 966 2427 administratio
988 2369 1123 2427 latissime
1145 2376 1243 2447 pateat

264 2460 309 2518 ad
325 2459 517 2537 plurimosque
532 2460 679 2537 pertineat.
713 2460 784 2516 Esse
799 2468 896 2517 autem
909 2461 1005 2538 magni
1018 2460 1102 2518 animi
1113 2466 1142 2518 et
1155 2460 1241 2517 fuisse
1257 2467 1273 2519 9

264 2550 379 2608 multos
393 2551 478 2608 etiam
491 2550 520 2607 in
533 2549 591 2607 vita
610 2550 708 2616 otiosa,
723 2550 773 2628 qui
792 2557 843 2607 ant
862 2551 1065 2630 investigarent
1086 2558 1137 2608 aut
1159 2570 1242 2608 cona-

264 2646 372 2699 rentur
391 2660 496 2719 magna
515 2640 659 2718 quaedam,
675 2658 793 2716 seseque
815 2659 930 2698 suarum
951 2660 1045 2699 rerum
1060 2641 1163 2699 finibus
1177 2660 1241 2699 con·

265 2731 396 2789 tinerent
404 2750 412 2799 ;
433 2737 483 2788 aut
495 2730 636 2808 interjecti
649 2730 722 2787 inter
735 2731 922 2807 philosophos
937 2738 966 2789 et
981 2751 1037 2800 eos,
1053 2732 1103 2808 qui
1115 2751 1176 2790 rem
1190 2751 1243 2809 pu·

265 2821 378 2880 blicam
400 2819 636 2887 administrarent,
661 2820 871 2878 delectarentur
894 2840 925 2878 re
949 2841 1001 2878 sua
1024 2822 1161 2889 familiari,
1186 2841 1244 2879 non

267 2930 340 2970 eam
359 2911 474 2988 quidem
495 2911 571 2968 omni
591 2910 699 2968 ratione
720 2906 936 2990 exaggerantes,
951 2930 1043 2987 neque
1061 2913 1243 2968 excludentes

267 3003 311 3060 ab
337 3002 398 3079 ejus
421 3022 476 3059 usu
499 3021 575 3069 suaa,
597 3001 748 3086 potiusque
772 3008 802 3059 et
822 3002 918 3059 amicis
942 3001 1134 3077 impertientes
1155 3011 1184 3057 ct
1204 3003 1244 3059 rei

268 3092 407 3173 publicae,
429 3092 588 3170 siquando
609 3112 678 3163 usus
701 3098 784 3167 esset.
827 3091 900 3159 Quae
922 3091 1045 3167 primum
1067 3092 1139 3147 bene
1161 3099 1243 3167 parta
1260 3097 1295 3151 10

267 3185 319 3251 sit,
346 3184 422 3242 nullo
444 3202 538 3260 neque
562 3183 639 3260 turpi
663 3189 788 3260 quaestu,
813 3200 906 3258 neque
930 3181 1046 3239 odioso:
1072 3188 1135 3240 tum
1157 3200 1244 3259 quam
1353 3258 1356 3263 .

269 3274 411 3354 plurimis,
427 3275 513 3376 modo
509 3273 642 3420 t’‘dignis
651 3292 682 3329 se
697 3273 795 3330 utilem
817 3273 963 3349 praebeat:
935 3272 1088 3330 tdeinde
1105 3278 1244 3375 augeatur

269 3473 362 3533 quam
383 3370 557 3513 liberalitati
521 3462 593 3511 tet
613 3407 778 3512 beneficeirt
759 3461 806 3511 trae
829 3461 937 3531 pareat
917 3453 1053 3511 tHaec
1075 3454 1244 3531 praescripta
1260 3460 1292 3510 ll

269 3550 435 3603 servantem
448 3544 514 3602 licet
502 3544 686 3622 tmagnifice,
700 3544 825 3621 graviter
845 3544 1026 3620 animoseque
1040 3544 1142 3613 vivere,
1158 3551 1187 3601 at
1188 3563 1243 3620 que

270 3635 362 3694 etiam
374 3634 545 3712 simpliciter,
560 3634 689 3700 fideliter,
704 3634 771 3691 vitae
786 3634 933 3694 hominum
947 3634 1044 3691 amice.
1106 3673 1116 3688 .

214 3739 335 3874 ΘΧ
313 3818 398 3876 XXV
399 3820 439 3876 II
463 3818 563 3895 Sequit
565 3838 607 3885 ur,
622 3825 655 3875 ut
643 3818 706 3877 tde
721 3837 778 3875 una
797 3818 906 3895 reliqua
927 3826 1009 3896 parte
981 3819 1160 3875 ttathones
1119 3818 1184 3875 tatis
1203 3818 1244 3876 di-

271 3908 462 3967 cendumsit:
435 3908 1277 4011 tinquaverecundia,et,q‚uanmatvrs⁶
1346 3981 1348 3985 ,

263 3998 707 4104 ffitemperantiaet
695 3999 903 4056 ttmodes
875 4005 945 4065 t1,a
968 4017 1114 4075 omnisque
1137 3997 1245 4055 seda

214 4225 237 4438 l
341 4428 346 4438 ,
