3259 4775
599 585 684 625 umas
697 585 740 625 nu
781 585 849 626 cnr.
864 586 935 626 xvrr.
1229 572 1285 628 105

269 733 340 775 aon
348 733 384 775 Δ.
415 715 456 774 M.
468 715 541 774 Orto
551 716 719 774 sententiam
727 715 806 783 dixit,
818 716 904 795 hujus
918 716 1006 774 nostn'
1015 716 1131 775 Catonis
1142 723 1231 794 pater.
1247 723 1264 774 6

268 803 307 866 Ut
320 806 397 865 enim
417 806 502 865 ceteri
524 825 560 864 ex
581 807 717 884 patribus,
732 806 772 864 sic
786 806 841 874 hic,
856 807 905 884 qui
924 807 994 864 illud
1014 807 1110 865 lumen
1129 826 1232 886 proge-

266 898 336 966 nuit,
351 916 389 956 ex
400 897 459 956 filio
471 903 516 955 est
528 897 724 982 nominandus.
766 898 796 954 Is
817 897 903 974 igitur
914 897 1003 975 judex
1017 898 1057 955 ita
1070 899 1231 975 pronuntia·
1248 898 1264 956 7

266 988 316 1054 vit,
330 1007 398 1045 oum
411 987 440 1045 in
453 986 603 1045 vendendo
616 1006 677 1045 rem
696 1006 760 1045 eam
779 988 886 1055 scisset,
902 994 931 1045 et
943 1007 1001 1045 non
1015 989 1231 1065 pronuntiasset,

265 1078 392 1156 emptori
405 1078 542 1136 damnum
561 1077 692 1155 praestan‘
704 1084 844 1155 oportere.
885 1077 963 1153 Ergo
976 1077 1014 1135 ad
1027 1078 1113 1135 fidem
1128 1080 1231 1137 bonam

265 1168 367 1226 statuit
389 1167 539 1245 pertinere,
561 1176 662 1228 notum
685 1186 748 1225 esse
769 1168 892 1245 emptori
912 1168 1020 1236 vitium,
1035 1168 1112 1246 quod
1136 1175 1232 1228 nosset

265 1258 405 1317 venditor.
447 1258 530 1328 Quod
552 1258 674 1316 sirecte
691 1258 839 1336 judicavit,
860 1278 917 1317 non
936 1265 1013 1316 recte
1033 1259 1263 1319 frumentariusfl

264 1348 321 1417 ille,
348 1367 408 1406 uon
433 1355 510 1407 recte
538 1348 642 1406 adium
668 1348 859 1426 pestilentium
885 1350 1016 1407 venditor
1034 1350 1132 1408 tacuit.
1173 1350 1232 1409 Sed

264 1439 431 1517 hujusmodi
457 1438 610 1497 reticentiae
635 1439 700 1517 jure
728 1439 801 1496 civili
828 1458 927 1497 omnes
948 1440 1154 1519 comprehendi
1174 1460 1232 1498 nou

264 1536 403 1608 possunt:
424 1548 488 1606 quoe
508 1537 605 1587 autem
627 1537 754 1608 possunt,
769 1529 919 1607 diligenter
933 1538 1073 1589 tenentur.
1115 1532 1154 1590 M.
1170 1531 1231 1589 hla-
1253 1537 1270 1590 9

263 1621 324 1679 rius
346 1619 538 1687 Gratidianus,
560 1620 737 1697 propinquus
757 1627 862 1687 nostor,
878 1621 911 1677 O.
933 1620 1033 1699 Sergio
1048 1621 1145 1679 Oratoe
1164 1640 1230 1680 von·

263 1710 378 1768 diderat
391 1710 467 1767 aedes
480 1727 538 1777 eas,
550 1728 621 1786 quas
634 1710 671 1767 ab
685 1709 785 1767 eodem
800 1709 862 1786 ipse
876 1709 974 1787 paucis
984 1716 1050 1768 ante
1063 1711 1143 1769 annis
1157 1731 1231 1770 eme-

263 1809 317 1860 rat.
368 1800 419 1858 Eae
445 1800 620 1858 serviebant:
655 1800 707 1858 sed
735 1801 791 1859 hoo
819 1800 848 1857 in
881 1801 1022 1878 mancipio
1049 1802 1155 1860 Marius
1176 1821 1232 1861 non

264 1891 384 1950 dixerat
418 1890 558 1949 Adducta
567 1909 613 1948 res
623 1890 652 1948 in
659 1890 798 1968 judicium
807 1898 859 1949 est.
889 1891 1007 1949 Oratam
1019 1892 1230 1961 Crassus,Gra-
1247 1899 1283 1952 10

263 1981 404 2040 tidiauum
418 1981 589 2039 defendebat
602 1980 754 2039 Antonius.
795 1981 814 2040 J
817 2001 850 2039 us
866 1981 986 2040 Crassus
1006 1983 1137 2061 urgebat,
1153 1983 1230 2060 quod

263 2072 324 2130 vitii
336 2072 467 2130 venditor
478 2091 536 2130 non
549 2071 665 2128 dixisset
678 2072 777 2138 sciens,
789 2071 819 2129 id
830 2080 962 2149 oportere
977 2073 1122 2150 praestari:
1146 2074 1230 2151 aequi·

264 2169 355 2221 tatem
382 2162 533 2228 Antonius,
562 2162 695 2239 quoniam
721 2161 751 2219 id
771 2161 872 2219 vitium
899 2162 1030 2240 ignotum
1051 2163 1154 2242 Sergio
1174 2183 1232 2222 non

264 2253 374 2321 fuisset,
388 2252 437 2330 qui
457 2252 519 2310 illas
534 2252 609 2309 redes
624 2251 806 2319 vendidisset,
823 2252 892 2310 nihil
914 2252 1002 2310 fuisse
1024 2272 1139 2312 necesse
1160 2255 1230 2313 dici:

264 2361 316 2403 nec
330 2361 398 2401 eum
412 2361 473 2401 esse
487 2342 649 2421 deceptum,
664 2342 713 2420 qui
727 2342 765 2410 id,
777 2341 855 2420 quod
869 2349 985 2413 emerat,
1000 2361 1058 2422 quo
1069 2344 1134 2424 jure
1147 2354 1230 2414 esset,

264 2440 383 2492 teneret.
426 2432 554 2502 Quorsus
575 2434 659 2491 huc?
690 2441 723 2490 ut
746 2433 817 2491 illud
839 2434 989 2513 intelligas,
1013 2455 1069 2493 non
1091 2436 1231 2515 placuisse
1247 2444 1280 2498 11

264 2524 422 2602 majoribus
434 2523 538 2581 nostris
552 2530 671 2581 astutos.

304 2704 404 2762 XVII.
426 2703 484 2761 Sed
498 2702 579 2761 aliter
592 2703 679 2781 leges,
695 2702 776 2761 ahter
797 2704 960 2782 philosophi
979 2705 1084 2764 tollunt
1104 2707 1231 2766 astutias.

264 2794 368 2874 Leges,
383 2800 522 2871 quatenus
534 2812 622 2851 manu
634 2799 730 2851 tenere
751 2802 886 2871 possunt;
907 2795 1076 2872 philosophi,
1092 2804 1232 2872 quatenus

265 2885 376 2943 ratione
397 2891 427 2942 et
448 2882 641 2962 intelligentia.
683 2884 767 2941 Ratio
787 2903 857 2962 ergo
879 2884 1014 2960 postulat,
1030 2885 1147 2962 nequid
1167 2885 1231 2943 insi·

265 2975 354 3043 diosc,
374 2973 501 3051 nequid
525 2973 664 3041 simulate,
680 2992 716 3031 nc
737 2973 806 3050 quid
830 2973 974 3031 fallaciter.
1017 2973 1127 3032 Suntne
1147 2975 1264 3054 igitur2

265 3064 374 3124 insidia
393 3065 511 3122 tendere
524 3065 634 3142 plagas,
649 3063 759 3121 etiamsi
779 3063 952 3121 excitaturus
966 3083 1023 3121 non
1043 3064 1081 3121 sis
1101 3083 1153 3123 nec
1173 3064 1231 3144 agi-

266 3156 402 3214 taturus?
444 3155 519 3232 Ipsae
540 3154 616 3212 enim
633 3153 701 3211 ferae
718 3153 797 3211 nullo
817 3154 982 3230 insequente
1000 3173 1076 3232 saepe
1096 3154 1231 3213 incidunt.

266 3245 314 3304 Sic
338 3253 372 3303 tu
393 3245 469 3303 redes
489 3245 657 3324 proscribas,
678 3243 816 3312 tabulam,
839 3252 986 3321 tamquam
1007 3246 1117 3324 plagas,
1133 3264 1231 3322 ponas,

266 3335 386 3394 domum
406 3344 524 3413 propter
537 3335 605 3392 vitia
618 3334 733 3402 vendas,
747 3335 775 3391 in
790 3353 854 3392 eam
868 3335 968 3412 aliquis
988 3335 1113 3393 incurrat
1126 3335 1232 3413 impru-

266 3424 361 3483 dens?
396 3425 460 3483 Hoc
469 3443 643 3502 quamquem
652 3424 736 3482 video
747 3432 865 3502 propter
873 3425 1105 3502 depravationem
1115 3445 1231 3484 consue·
1247 3434 1265 3485 3

266 3515 373 3573 tudinis
392 3534 485 3592 neque
498 3533 577 3572 more
598 3521 682 3592 turpe
701 3515 808 3582 haberi,
823 3533 915 3592 neque
929 3522 979 3573 aut
992 3516 1056 3594 lege
1070 3516 1170 3574 sanciri
1184 3524 1233 3574 aut

263 3606 329 3685 jure
340 3602 430 3663 civili:
444 3612 541 3662 tamen
550 3614 660 3663 naturae
669 3605 734 3682 lege
745 3612 877 3662 sanctum
886 3613 938 3663 est.
969 3606 1096 3664 Societas
1106 3613 1150 3664 est
1160 3607 1233 3664 enim
1248 3619 1265 3663 4

266 3692 360 3777 (quod
383 3694 437 3754 etsi
460 3713 537 3772 saepe
558 3694 666 3752 dictum
686 3701 738 3761 est,
754 3694 906 3752 dicendum
929 3702 1025 3753 tamen
1050 3704 1094 3754 est
1117 3694 1233 3776 saepius)
1323 3712 1338 3732 ¹*

265 3785 404 3845 latissime
422 3784 539 3862 quidem
560 3803 623 3861 quoe
646 3790 752 3860 pateat,
767 3784 914 3842 hominum
935 3786 1009 3843 inter
1030 3786 1173 3853 homines;
1194 3786 1233 3843 in·

263 3874 354 3937 terior
373 3894 480 3943 eorum,
495 3875 544 3952 qui
564 3873 694 3953 ejusdem
714 3875 808 3952 gentis
829 3882 896 3932 sunt
906 3895 913 3942 ;
935 3877 1051 3953 propior
1065 3894 1171 3941 eorum,
1186 3874 1234 3951 qui

265 3964 398 4046 ejusdem
412 3965 539 4024 civitatis.
581 3966 683 4042 Itaque
704 3965 828 4042 maj0res
842 3965 919 4023 aliud
937 3966 986 4042 jus
1006 3964 1142 4042 gentium,
1157 3962 1235 4021 ahud
1249 3972 1266 4022 5
