3259 4775
383 576 439 629 118
811 587 846 626 on
861 585 989 627 currens

380 724 417 776 12
472 718 547 776 Nam
561 718 632 776 illud
647 717 770 796 quidem,

576 831 675 906 Neque
688 831 759 897 dedi,
775 849 860 906 neque
874 830 909 888 do
922 829 1034 905 infideli
1046 829 1190 905 cuiquem,

430 939 535 997 idcirco
553 946 630 998 rccte
645 958 662 996 a
676 947 770 1017 pocta,
785 938 860 1015 quia,
875 957 940 996 cum
955 943 1127 995 tractaretur
1140 935 1260 1008 Atreus,
1273 952 1380 1017 persons

382 1036 419 1088 13
434 1029 614 1087 serviendum
628 1030 689 1089 luit.
732 1029 791 1087 Sed
806 1028 830 1086 si
843 1029 897 1086 hoc
911 1028 964 1086 sibi
977 1033 1102 1095 sumunt,
1112 1027 1222 1085 nullam
1232 1048 1294 1087 esse
1305 1027 1380 1093 fidem.

431 1141 496 1199 quer
520 1121 625 1180 infideli
638 1122 707 1180 data
727 1121 770 1189 sit,
786 1120 909 1188 videant,
923 1138 959 1177 ne
974 1125 1119 1197 queratur
1137 1120 1251 1179 latebra
1270 1119 1380 1199 perjuris

380 1217 416 1271 14
432 1212 484 1269 Est
504 1212 553 1290 jus
573 1212 658 1270 etiam
680 1212 821 1277 bellicum,
848 1210 973 1288 fidesque
991 1209 1063 1288 juris
1082 1210 1199 1288 jurandi
1229 1229 1305 1289 saepe
1332 1227 1383 1269 cun

381 1309 416 1361 15
430 1303 513 1360 hoste
528 1302 675 1360 servanda.
717 1303 801 1371 Quod
816 1302 890 1359 enirn
904 1302 943 1359 ita
955 1302 1083 1379 juratum
1097 1307 1150 1369 est,
1165 1308 1200 1359 ut
1213 1320 1297 1360 mens
1309 1300 1383 1361 eonci-

432 1401 513 1471 peret
527 1392 586 1449 fieri
600 1400 740 1469 oportere,
755 1392 784 1450 id
799 1390 971 1450 servandum
984 1397 1045 1449 est:
1067 1390 1145 1469 quod
1158 1391 1250 1461 aliter,
1265 1391 1294 1450 id
1308 1391 1383 1451 sinon

381 1488 416 1540 16
431 1482 539 1549 feceris,
554 1482 664 1539 nullum
686 1489 731 1539 cst
753 1482 918 1560 perjurium.
960 1482 1011 1549 Ut,
1033 1481 1057 1539 si
1078 1481 1263 1559 praedonibus
1284 1488 1384 1561 pactum

431 1590 483 1648 pro
505 1571 597 1648 capite
618 1572 740 1649 pretium
755 1592 812 1631 non
826 1571 963 1640 attuleris,
978 1571 1057 1629 nulla
1075 1572 1162 1647 fraus,
1169 1578 1224 1641 est,
1238 1592 1275 1630 ne
1289 1572 1313 1631 si
1322 1572 1384 1650 jure·

381 1660 415 1719 17
431 1668 477 1718 tus
492 1661 606 1739 quidem
621 1661 650 1719 id
664 1681 719 1719 non
733 1662 842 1721 leceris.
884 1662 961 1720 Nam
976 1661 1067 1740 pirata
1080 1670 1196 1721 nonest
1211 1662 1384 1741 perduellium

429 1771 547 1810 numero
562 1752 702 1821 definitus,
717 1752 768 1811 scd
782 1753 939 1811 communis
959 1752 1049 1810 hostis
1071 1752 1207 1811 omnium.
1251 1753 1326 1811 (lum
1342 1753 1385 1811 hoc

382 1848 416 1900 18
430 1861 482 1901 nec
496 1843 567 1901 fides
578 1843 665 1901 debet
679 1843 786 1920 noejus
798 1842 955 1920 jurandum
969 1860 1031 1900 esse
1042 1861 1203 1902 commune.
1246 1843 1314 1903 Nou
1326 1842 1386 1901 enin

430 1934 534 1991 falsum
556 1934 663 2010 jurare,
689 1933 835 2010 perjurare
859 1938 903 1989 est
910 1951 918 2001 ;
939 1932 1000 2000 sed,
1023 1931 1101 2010 quod
1123 1952 1170 1990 sx
1191 1950 1317 1993 surur
1334 1950 1386 1993 rur

431 2042 656 2081 suurnurrs
674 2022 787 2102 juraris,
802 2021 876 2080 sicut
896 2022 989 2081 verbis
1015 2021 1172 2101 concipitur
1191 2042 1274 2083 more
1295 2031 1384 2091 nostre,

381 2119 415 2170 19
431 2112 459 2171 id
473 2099 647 2182 non'sacere,
661 2112 818 2191 perjurium
832 2118 884 2171 est.
926 2111 1004 2171 Scite
1018 2111 1093 2170 enim
1105 2111 1278 2192 Euripides:

616 2223 723 2282 Jeravi
737 2224 845 2298 lingue,
861 2231 976 2281 utentem
989 2223 1145 2298 injuratum
1155 2243 1231 2298 pero.

383 2341 421 2395 20
436 2336 565 2414 Regulus
576 2355 643 2395 vero
657 2355 714 2394 non
727 2335 827 2395 debuit
842 2336 1015 2395 conditiones
1030 2335 1235 2414 pactionesque
1248 2338 1390 2397 bellicaset

381 2432 416 2483 21
433 2426 549 2483 hostiles
571 2427 738 2504 perturbere
760 2428 894 2505 perjurio.
937 2427 1011 2484 Cum
1031 2427 1111 2505 justo
1131 2426 1206 2485 enim
1228 2436 1258 2485 et
1277 2428 1390 2508 legibue

432 2516 515 2572 hoste
535 2534 580 2572 res
600 2517 762 2594 gerebatur,
778 2517 916 2574 adversus
931 2536 1017 2595 quem
1030 2524 1059 2574 et
1073 2523 1166 2592 totum
1184 2518 1235 2596 jus
1255 2518 1391 2588 fetiales

382 2611 417 2663 22
433 2605 523 2662 multa
533 2614 600 2663 suut
611 2607 677 2684 jura
691 2607 861 2665 communia.
903 2607 988 2676 Quod
1002 2607 1030 2665 ni
1044 2607 1085 2665 ita
1095 2615 1178 2675 essct,
1189 2627 1338 2686 nunquam
1346 2608 1391 2668 cle·

431 2716 478 2754 ros
502 2696 577 2754 viros
600 2704 714 2754 senatus
738 2698 851 2756 vinctos
879 2698 1010 2756 hostibus
1039 2697 1204 2756 dedidisset.
1246 2699 1339 2758 XXX.
1356 2699 1392 2758 At

432 2806 499 2845 vero
513 2788 544 2847 T.
561 2786 696 2846 Veturius
711 2794 740 2845 et
754 2787 805 2865 Sp.
820 2787 994 2855 Postumius,
1010 2807 1076 2847 cum
1095 2788 1199 2846 iterum
1214 2790 1347 2849 consides
1357 2806 1392 2847 es

432 2885 503 2947 sent,
519 2879 592 2957 quia,
609 2898 674 2936 cum
688 2878 762 2936 male
776 2885 937 2956 pugnatum
946 2878 1024 2956 apud
1036 2878 1178 2936 Caudium
1192 2887 1278 2948 esset,
1288 2875 1392 2960 legioni·
1422 2935 1425 2942 .

432 2969 487 3027 bus
501 2969 604 3027 nostris
625 2970 679 3027 sub
700 2968 805 3046 jugum
825 2968 925 3036 missis,
942 2987 1042 3045 pacem
1058 2988 1124 3026 cum
1139 2968 1317 3029 Samnitibus
1329 2971 1393 3030 feee
1422 2973 1425 3012 ³

431 3068 504 3128 rant,
513 3059 602 3117 dediti
613 3067 679 3117 sunt
689 3059 749 3117 his:
769 3058 881 3136 injussu
891 3058 965 3116 enim
976 3058 1076 3136 populi
1085 3065 1259 3137 senatusque
1268 3060 1392 3120 fecerant
1423 3073 1425 3128 ζ

394 3156 411 3208 2
432 3150 599 3227 Eodemque
615 3156 743 3227 tempore
754 3149 794 3207 Ti.
806 3148 964 3216 Numicius,
977 3149 1010 3217 Q.
1023 3148 1144 3216 Maelius,
1157 3149 1205 3227 qui
1221 3157 1287 3208 tum
1300 3147 1395 3211 tribuni
1423 3209 1425 3216 ,

432 3240 524 3317 plebis
544 3246 633 3307 erant,
649 3238 726 3316 quod
741 3258 840 3297 eorum
860 3239 1029 3297 auctoritate
1051 3258 1109 3316 pax
1130 3246 1193 3297 erat
1212 3241 1301 3310 faeta,
1316 3237 1395 3300 dediti

393 3337 410 3388 3
432 3337 506 3397 sunt,
516 3337 549 3387 ut
562 3348 619 3407 pax
633 3328 802 3386 Samnitium
817 3329 1023 3407 repudiaretur.
1065 3330 1165 3407 Atque
1178 3330 1269 3409 hujus
1284 3331 1394 3391 dedito

431 3420 474 3477 nis
495 3420 556 3498 ipse
580 3419 754 3487 Postumius,
776 3420 825 3497 qui
852 3420 1020 3487 dedebetur,
1041 3439 1141 3478 suasor
1163 3427 1193 3479 et
1217 3427 1321 3480 auctor
1340 3421 1395 3482 luit.

434 3510 518 3578 Quod
532 3509 608 3567 idem
622 3509 720 3566 multis
736 3510 815 3567 annis
830 3517 896 3588 post
908 3511 940 3568 0.
956 3510 1114 3578 Mancinus,
1130 3510 1188 3588 qui,
1203 3519 1239 3569 ut
1253 3511 1396 3580 Numanti·
1421 3565 1425 3574 .

432 3598 484 3666 nis,
500 3599 671 3676 quibuscum
693 3600 752 3658 sine
774 3609 891 3658 senatus
914 3600 1084 3659 auctoritate
1106 3601 1201 3658 loedus
1221 3602 1342 3672 lecerat,
1356 3599 1397 3661 de·

433 3688 559 3757 deretur,
573 3690 748 3768 rogationem
769 3690 858 3747 suasit
878 3709 949 3758 eam,
965 3710 1050 3769 quem
1070 3691 1101 3749 L.
1124 3691 1236 3760 Furius,
1254 3692 1284 3750 S.
1300 3693 1400 3752 Atilius

433 3798 469 3838 ex
482 3786 597 3837 senatus
612 3780 742 3837 consulto
756 3780 901 3838 ferebant:
925 3801 981 3858 qua
995 3791 1122 3860 accepta,
1138 3788 1182 3839 est
1201 3782 1338 3843 hostibus
1357 3783 1401 3844 de·

399 3876 419 3929 4
432 3870 518 3929 ditus.
561 3870 715 3928 Honestius
729 3869 774 3927 hic
788 3889 875 3947 quam
885 3871 918 3939 Q.
931 3871 1094 3949 Pompeius,
1105 3890 1171 3949 quo,
1181 3890 1249 3931 cum
1262 3873 1293 3932 in
1307 3873 1403 3934 eadem

401 3969 518 4022 bertum
541 3967 625 4030 esset,
640 3960 820 4041 deprecante,
836 3967 956 4039 accepta
976 3961 1023 4021 lex
1037 3981 1094 4020 non
1112 3969 1165 4022 est.
1208 3962 1268 4023 Hic
1282 3983 1330 4036 ee,
1344 3979 1403 4046 que
