3259 4775
353 589 390 645 18
766 601 804 641 on
826 601 955 643 orrrorrs

345 714 348 719 ’
369 740 376 754 “
402 734 517 803 tionem,
532 733 654 791 alterum
674 752 727 810 per
747 752 821 801 vrm;
842 752 966 810 cumque
985 732 1056 792 illud
1070 734 1217 825 prpprium
1231 736 1269 793 sit
1282 736 1370 796 homi·

402 825 454 893 nis,
475 826 530 882 hoc
552 823 718 884 beluarum:
747 823 969 902 confugiendum
990 830 1034 882 est
1055 824 1093 882 ad
1113 825 1264 902 posterius,
1287 826 1310 884 si
1330 827 1372 889 uti

370 923 459 975 bnon
478 916 545 974 licet
566 914 718 993 superiore.
761 915 857 984 Quare
878 914 1057 992 suscipienda
1070 915 1187 993 quidem
1209 916 1285 974 bella
1304 925 1373 977 sunt
1415 943 1417 973 ς

403 1008 515 1065 obeam
530 1024 653 1074 causam,
667 1012 701 1063 ut
715 1005 773 1063 sine
786 1005 889 1083 injuria
901 1005 931 1063 in
944 1024 1016 1084 pace
1029 1006 1156 1064 vivatur:
1178 1014 1261 1084 parta
1274 1015 1372 1067 autem
1413 1055 1418 1073 .

402 1097 526 1165 victorie,
543 1096 727 1155 conservandi
747 1097 773 1163 ii,
795 1096 845 1173 qui
865 1115 922 1153 non
942 1096 1072 1154 crudeles
1092 1097 1120 1154 in
1140 1098 1224 1167 bello,
1242 1118 1299 1156 non
1319 1100 1370 1157 im-

370 1193 499 1247 4manes
527 1188 651 1246 fuerunt.
693 1187 735 1245 Ut
759 1187 884 1264 majores
917 1187 1005 1244 nostri
1038 1187 1223 1256 Tusculanos,
1248 1190 1369 1267 AEquos,

402 1279 532 1346 Volscos,
555 1278 682 1345 Sabinos,
704 1277 843 1335 Hernicos
863 1277 892 1335 in
912 1278 1054 1336 civitatem
1075 1279 1161 1336 etiam
1181 1289 1371 1358 acceperunt:

266 1382 269 1387 '
370 1378 387 1429 5
402 1376 432 1427 at
447 1369 649 1447 Carthaginem
664 1375 693 1425 et
707 1367 891 1426 Numantiam
901 1368 1031 1427 funditus
1045 1370 1230 1429 sustulerunt.
1255 1371 1373 1431 Nollem

403 1459 586 1517 Corinthum:
608 1458 661 1516 sed
681 1458 766 1517 credo
786 1458 895 1535 aliquid
916 1465 1037 1527 secutos
1053 1461 1296 1538 opportunitatem
1316 1462 1373 1522 loci

402 1549 533 1617 maxime,
554 1568 590 1606 ne
618 1556 716 1627 posset
735 1549 888 1626 aliquando
909 1550 946 1608 ad
974 1550 1082 1609 bellum
1105 1551 1268 1610 faciendum
1288 1552 1372 1612 locus

370 1647 387 1699 6
401 1640 462 1719 ipse
476 1639 628 1698 adhortari.
670 1640 736 1697 Mea
749 1639 865 1717 quidem
879 1641 1027 1709 sententia,
1039 1642 1112 1719 paci,
1127 1661 1193 1719 quae
1208 1642 1277 1701 nihil
1291 1644 1372 1702 habi·

401 1738 466 1789 tura
490 1732 527 1788 sit
549 1731 721 1798 insidiarum,
744 1749 859 1809 semper
885 1737 929 1788 est
953 1732 1166 1790 consulendum.
1208 1734 1244 1791 In
1266 1753 1325 1811 quo
1349 1734 1373 1793 si

367 1882 370 1890 ,
401 1822 470 1880 mihi
490 1828 566 1880 esset
585 1823 824 1899 obtemperatum,
839 1822 864 1880 si
884 1842 941 1880 non
955 1823 1101 1901 optimam,
1116 1830 1147 1881 at
1166 1825 1290 1902 aliquam
1309 1844 1370 1884 rem

370 1913 386 1971 'l
402 1914 554 1993 publicam,
566 1932 632 1990 quae
646 1932 722 1971 nune
735 1913 814 1970 nulla
829 1919 881 1981 est,
897 1913 1076 1972 haberemus.
1118 1914 1156 1971 Et
1170 1934 1236 1973 cum
1246 1916 1287 1984 iis,
1299 1935 1373 1993 quos

401 2004 430 2062 vi
443 2004 588 2071 deviceris,
604 2003 810 2061 consulendum
831 2010 893 2072 est;
914 2010 976 2061 tum
989 2004 1016 2071 ii,
1031 2004 1088 2081 qui,
1104 2005 1190 2063 armis
1210 2006 1319 2085 positis,
1334 2007 1369 2065 ad

401 2094 606 2172 imperatorum
630 2092 717 2150 fidem
741 2093 914 2172 confugient,
929 2095 1058 2171 quamvis
1078 2116 1193 2154 murum
1216 2097 1287 2155 aries
1308 2117 1372 2176 per·

370 2192 387 2243 8
403 2182 529 2251 ousserit,
544 2182 705 2260 recipiendi.
747 2184 854 2261 inquo
869 2190 1019 2262 tantopere
1033 2186 1112 2263 apud
1132 2194 1244 2245 nostros
1262 2188 1374 2266 justitia

402 2274 480 2333 culta
500 2279 601 2341 estut
622 2273 648 2341 ii,
663 2273 713 2351 qui
727 2273 855 2332 civitates
878 2282 929 2332 aut
950 2275 1079 2333 nationes
1099 2276 1227 2335 devictas
1248 2279 1323 2337 bello
1344 2280 1373 2337 in
1407 2271 1410 2282 ’

402 2364 489 2424 fidem
503 2364 685 2442 recepissent,
700 2383 798 2423 earum
813 2365 925 2443 patroni
939 2373 1035 2424 essent
1047 2385 1127 2425 more
1140 2368 1290 2447 majorum.

370 2464 387 2516 9
441 2456 488 2514 Ac
508 2455 576 2514 belli
599 2455 718 2532 quidem
739 2457 857 2533 aequitas
881 2458 1056 2515 sanctissime
1085 2458 1175 2516 fetiali
1195 2461 1295 2538 populi
1314 2461 1372 2520 Ro·

402 2547 478 2605 mani
495 2547 559 2624 jure
580 2546 737 2624 perscripta
758 2553 809 2605 est.
852 2547 896 2604 Ex
916 2567 973 2624 quo
993 2548 1114 2627 intelligi
1134 2557 1239 2627 potest,
1260 2550 1372 2610 nullum

403 2638 509 2696 bellum
530 2656 591 2695 esse
610 2637 729 2715 justum,
750 2637 803 2694 nisi
824 2638 902 2714 quod
922 2645 973 2696 aut
992 2639 1078 2697 rebus
1098 2640 1225 2717 repetitis
1246 2649 1372 2719 geratur,

353 2735 388 2789 lo
403 2735 454 2786 aut
473 2727 674 2785 denunciatum
693 2735 759 2785 ante
780 2728 817 2785 sit
837 2735 867 2786 ct
886 2728 1033 2787 indictum.
1074 2729 1203 2808 Popilius
1218 2732 1373 2810 imperator

402 2820 520 2877 tenebat
539 2817 721 2895 provinciam,
736 2818 765 2876 in
779 2818 862 2896 cujus
881 2820 1008 2877 exercitu
1030 2821 1146 2878 Catonis
1166 2821 1240 2879 fihus
1254 2822 1307 2880 tiro
1320 2824 1371 2881 mi-

402 2911 511 2970 litabat.
546 2909 620 2968 (lum
634 2916 730 2967 autem
743 2909 856 2987 Popiho
871 2910 1016 2968 videretur
1029 2930 1116 2968 unam
1130 2910 1271 2990 dimittere
1284 2913 1371 2992 legio·

402 3021 477 3070 nem,
494 3001 610 3059 Catonis
624 3020 738 3079 quoque
752 3000 850 3068 filium,
865 3001 914 3078 qui
933 3000 961 3058 in
976 3001 1076 3059 eadem
1097 3001 1209 3079 legione
1222 3003 1371 3073 militabat,

353 3099 387 3151 11
403 3092 517 3150 dimisit.
559 3092 618 3150 Sed
633 3112 698 3150 cum
712 3111 808 3150 amore
830 3091 979 3170 pugnandi
992 3092 1021 3149 in
1035 3091 1161 3149 exercitu
1180 3094 1371 3163 remansisset,

368 3179 370 3183 ’
404 3184 477 3244 Cato
491 3184 529 3241 ad
549 3183 693 3259 Popilium
714 3183 834 3261 scripsit,
850 3189 892 3250 ut,
906 3183 930 3240 si
944 3201 1010 3240 eum
1030 3188 1177 3260 pateretur·
1195 3183 1224 3240 in
1244 3185 1370 3243 exercitu

403 3290 557 3340 remanere,
579 3271 705 3330 secundo
726 3291 792 3330 eum
812 3273 920 3351 obliget
939 3273 1046 3332 militiae
1072 3281 1265 3332 sacramento:
1295 3275 1370 3352 quia,

404 3364 497 3441 priore
511 3361 622 3428 amisse,
636 3362 700 3439 jure
715 3381 779 3419 cum
790 3363 922 3421 hostibus
933 3383 1061 3442 pugnare
1074 3383 1132 3421 non
1145 3370 1265 3441 poterat.
1288 3365 1374 3424 Adeo

355 3461 388 3513 12
404 3471 516 3510 summa
535 3459 597 3509 erat
621 3452 780 3510 observatio
804 3452 833 3510 in
856 3453 933 3511 bello
956 3453 1106 3512 movendo.
1148 3454 1237 3513 Marci
1258 3455 1374 3532 quidem

405 3542 520 3601 (latonia
531 3543 604 3600 senis
619 3549 663 3600 est
674 3542 794 3620 epistola
807 3543 846 3600 ad
860 3545 991 3603 Marcum
1005 3544 1103 3612 filium,
1113 3544 1142 3602 in
1156 3563 1213 3622 que
1227 3545 1331 3614 scribit,
1343 3565 1374 3604 se

405 3633 526 3701 audisse,
542 3651 608 3690 eum
626 3633 744 3691 missum
757 3635 867 3692 factum
888 3653 982 3692 essea
1001 3635 1116 3693 consule
1133 3633 1212 3714 [curn
1231 3636 1260 3693 in
1278 3635 1374 3694 Mace-

405 3723 488 3782 donia
508 3724 584 3782 bello
604 3724 719 3782 Persico
739 3725 821 3784 miles
841 3723 939 3804 esset]
981 3725 1080 3783 Monet
1099 3725 1194 3804 igitur,
1210 3732 1244 3783 ut
1264 3732 1373 3794 carcat,

405 3832 441 3871 ne
455 3814 589 3892 proelium
609 3813 693 3872 ineat.
735 3814 834 3894 Negat
847 3815 922 3873 enirn
932 3816 981 3894 jus
1001 3834 1074 3884 csse,
1089 3815 1138 3894 qui
1157 3815 1239 3876 miles
1258 3835 1316 3875 non
1328 3816 1374 3888 sit,

405 3905 472 3965 cum
485 3903 570 3964 hoste
583 3923 722 3985 pugnare.
