3259 4775
994 554 1173 578 Q.-

560 642 564 655 κ
641 629 776 687 Ιιιιιειιι.
829 629 994 670 cunm.
1019 600 1159 709 lllll..
1296 613 1331 671 37

308 761 373 818 loco
386 759 471 838 plura
485 759 541 818 dici
554 759 653 817 solent.
696 759 754 817 Sed
775 766 837 817 tum
856 778 968 817 servare
987 759 1059 817 illud
1079 766 1188 836 poetas,
1202 757 1312 836 quod‘z

308 849 420 918 deceat,
433 849 562 918 dicimus,
574 869 640 907 cum
652 848 691 916 id,
703 849 780 926 quod
792 868 904 926 quaque
919 868 1040 926 persona
1053 849 1170 927 dignum
1186 857 1238 918 est,
1251 855 1280 906 et

308 940 349 1007 lit,
361 948 392 998 et
404 940 516 998 dicitur.
551 940 601 1007 Ut,
613 940 637 998 si
651 940 762 997 AEaeus
776 947 827 996 aut
841 939 935 996 Minos
950 939 1056 997 diceret
1073 941 1195 1007 Oderint,
1210 940 1281 996 dum

309 1038 443 1098 noctuam,
458 1036 509 1087 aut
521 1029 611 1088 Natis
623 1030 747 1104 sepulcro
760 1031 817 1104 ipsc
831 1037 870 1086 cst
878 1046 1003 1103 parcns;
1024 1029 1189 1086 indecorum
1202 1029 1278 1086 vide·

270 1131 274 1147 ”
308 1128 397 1189 retur,
411 1120 489 1198 quod
503 1139 552 1178 eos
565 1121 652 1178 fuisse
670 1121 764 1198 justos
784 1121 955 1197 accepimus
997 1120 1039 1177 At
1053 1120 1144 1177 Atreo
1158 1121 1220 1179 dice
1242 1127 1279 1189 tc,

308 1210 429 1288 plausus
450 1211 615 1268 excitantur.
656 1211 710 1268 Est
731 1211 805 1267 enim
828 1211 914 1289 digna
936 1229 1057 1287 persona
1079 1211 1167 1267 oratio
1197 1141 1255 1275 ἐς
1312 1154 1377 1283 Q

309 1308 415 1378 poe'tae,
430 1300 498 1378 quid
517 1318 658 1378 quemque
671 1299 780 1368 deceat,
795 1319 830 1357 ex
851 1318 971 1377 persona
990 1300 1177 1377 judicabunt:
1198 1300 1279 1359 nobis
1308 1302 1330 1321 ““
1341 1288 1365 1357 ‘i
1378 1284 1391 1345 ἶ

309 1397 407 1447 autem
420 1409 574 1468 personam
586 1389 721 1467 imposuit
730 1389 792 1467 ipsa
802 1397 903 1446 natura
918 1408 1099 1470 magnacum
1114 1389 1279 1447 excellentia

296 1481 534 1558 praestantiaque
549 1479 734 1537 animantium
748 1480 929 1556 reliquarum.
971 1480 1111 1549 Quocirca
1131 1487 1235 1557 poetae,
1251 1479 1280 1537 in

308 1589 417 1649 magna
430 1571 567 1628 varietate
589 1588 783 1646 personarum,
806 1569 892 1626 etiam
906 1569 1012 1628 viticsis
1033 1571 1101 1648 quid
1122 1570 1278 1638 conveniat,

309 1667 339 1719 et
353 1660 423 1738 quid
443 1660 551 1728 deceat,
567 1658 723 1717 videbunt:
744 1660 826 1718 nobis
848 1667 944 1717 autem
967 1680 1033 1717 eum
1054 1679 1071 1717 a
1091 1667 1193 1717 natura
1214 1669 1354 1743 con-s

309 1751 431 1819 stantiae,
452 1751 659 1818 moderationis,
684 1751 888 1828 temperantiae,
909 1750 1086 1807 verecundiae
1110 1757 1206 1826 partes
1228 1742 1278 1805 dal

309 1850 350 1899 ⁴,ae
363 1842 439 1910 sint3
460 1860 582 1918 cumque
596 1840 696 1897 eadem
711 1848 812 1898 natura
826 1840 928 1897 doceat
941 1858 997 1895 non
1011 1839 1165 1917 negligere,
1181 1857 1278 1915 quem·

309 1931 467 1989 admodum
490 1950 541 1988 nos
565 1930 708 1997 adversus
723 1930 851 1987 homines
871 1946 1022 2007 geramus:
1046 1928 1172 1995 efficitur,
1197 1935 1280 1985 utet

311 2021 391 2088 illud,
407 2021 485 2098 quod
499 2021 536 2078 ad
551 2039 664 2078 omnem
684 2020 863 2078 honestatem
884 2018 1014 2096 pertinet,
1031 2018 1175 2085 decorum,
1184 2037 1278 2095 ‚quam

310 2113 367 2169 'ate
377 2102 478 2193 lusum
492 2111 537 2179 sit,
552 2102 708 2188 appaream
730 2117 760 2167 et
773 2111 837 2177 hoc,
853 2109 931 2186 quod
951 2115 1098 2186 spectatur
1108 2082 1415 2290 Q&

301 2201 626 2296 ww
644 2200 686 2256 Ut
694 2199 768 2256 enim
782 2199 967 2277 pulchritudo
981 2199 1105 2277 corporis
1119 2204 1188 2275 apta
1202 2218 1278 2256 com·
1293 2207 1310 2257 5

307 2291 449 2371 positione
472 2292 665 2349 membrorum
689 2296 785 2347 movet
805 2288 911 2356 oculos
933 2296 962 2345 et
983 2289 1107 2346 delectat
1130 2290 1185 2346 hoc
1205 2288 1277 2366 ipso,

307 2381 388 2460 quod
401 2382 475 2439 inter
488 2401 519 2439 se
533 2400 631 2439 omnes
645 2388 741 2458 partes
755 2400 821 2437 cum
835 2378 960 2457 quodam
974 2376 1071 2464 lepore
1083 2378 1276 2437 consentiunt:

307 2473 348 2531 sic
362 2474 419 2531 hoc
434 2472 576 2538 decorum,
592 2470 670 2548 quod
691 2471 786 2527 elucet
805 2470 834 2526 in
848 2469 914 2536 vita,
929 2477 1024 2526 movet
1043 2470 1279 2547 approbationem

306 2582 419 2630 eorum,
433 2562 603 2639 quibuscum
617 2551 728 2628 vivitur,
750 2559 848 2617 ordine
869 2566 898 2615 et
919 2560 1077 2616 constantia
1098 2566 1128 2616 et
1147 2560 1289 2617 moderas

305 2654 387 2712 tione
395 2651 536 2710 dictorum
545 2650 671 2709 omnium
680 2657 766 2729 atque
774 2650 925 2706 factorum.
956 2648 1131 2707 Adhibenda
1140 2650 1310 2727 estigiturd

305 2743 444 2822 quaedam
467 2740 623 2799 reverentia
642 2741 780 2797 adversus
800 2739 938 2805 homines,
959 2739 1276 2817 etpptjmienjusque,

305 2842 338 2892 et
359 2833 540 2910 reliquorum.
581 2831 657 2888 Nam
678 2829 834 2908 negligere,
851 2828 920 2906 quid
939 2828 975 2885 de
990 2848 1020 2886 se
1035 2830 1152 2906 quisque
1166 2830 1276 2896 sentiat,

301 2901 644 3000 mir-egaeas
665 2927 717 2987 est,
733 2920 784 2977 sed
805 2919 891 2977 etiam
913 2919 1025 2977 omnino
1048 2919 1183 2976 dissoluti.
1225 2918 1309 2977 Est'l

304 3020 409 3072 autem
432 3012 509 3090 quod
533 3012 652 3077 differat,
677 3010 706 3067 iu
733 3010 880 3066 hominum
908 3009 1015 3065 ratione
1042 3007 1181 3074 habenda,
1206 3008 1278 3065 inter

300 3075 448 3183 justitdm
466 3109 495 3159 et
509 3087 715 3158 verecundiam.
757 3099 880 3159 Justitiae
902 3106 997 3174 partes
1019 3104 1085 3155 sunt
1105 3115 1161 3153 non
1175 3096 1277 3155 violare
1292 3106 1309 3157 8

303 3192 446 3259 homines,
461 3191 639 3249 verecundiae
654 3210 710 3247 non
724 3190 876 3255 offendere,
891 3188 919 3245 in
933 3207 990 3265 quo
1004 3187 1124 3244 maxime
1144 3186 1276 3265 perspici-

303 3292 358 3343 tur
371 3283 414 3340 vis
427 3281 529 3340 decori.
570 3281 623 3338 His
636 3280 723 3358 igitur
735 3279 870 3357 expositis
883 3279 966 3356 quale
981 3277 1017 3335 sit
1030 3277 1068 3345 id,
1084 3278 1161 3355 quod
1176 3278 1277 3335 decere

304 3374 438 3439 dicimus,
452 3372 627 3429 intellectum
641 3377 720 3448 puto.

351 3552 483 3611 Officium
505 3558 610 3619 autem,
631 3550 709 3628 quod
729 3552 766 3607 ab
787 3569 821 3608 eo
842 3549 963 3617 ducitur,
986 3550 1059 3607 hanc
1081 3549 1204 3628 primum
1227 3551 1308 3610 hrt-⁰

304 3646 361 3703 bct
376 3642 459 3713 viam,
474 3662 539 3720 quae
553 3642 669 3700 deducit
680 3641 718 3698 ad
739 3639 960 3697 convenientiam
981 3640 1276 3716 conservationemque

305 3739 439 3793 naturae:
459 3751 544 3809 quam
565 3732 589 3789 si
609 3749 759 3807 sequemur
780 3730 892 3797 ducem,
909 3748 1052 3806 nunquam
1074 3730 1276 3798 aberrabimus
1343 3798 1345 3802 ,

304 3840 518 3901 sequemurque
532 3829 561 3879 et
574 3821 611 3888 id,
627 3820 703 3897 quod
718 3827 834 3877 acutum
848 3827 876 3877 et
891 3820 1038 3896 perspicax
1052 3828 1152 3877 natura
1166 3826 1227 3886 est;
1248 3826 1277 3877 et

305 3915 348 3983 id,
364 3912 441 3990 quod
455 3913 492 3970 ad
502 3912 648 3969 hominum
663 3910 896 3967 consociationem
910 3909 1155 3967 accommodatum
1167 3929 1173 3975 ;
1195 3915 1223 3965 et
1237 3908 1275 3973 id,

306 4003 390 4084 quod
403 4002 554 4061 vehemens
575 4008 662 4079 atque
679 4001 760 4058 forte.
803 3999 861 4057 Sed
882 3999 1004 4057 maxima
1018 3999 1059 4057 vis
1073 3998 1167 4056 decori
1180 3997 1209 4054 iu
1221 3996 1276 4056 hac
1292 4002 1327 4057 10
