3259 4775
641 610 726 651 mna
740 612 771 651 ιι.
813 610 880 651 cur.
895 612 943 650 xv.
1265 593 1302 652 ’18

286 755 504 819 ennumquam
517 741 716 819 eloquentiam,
728 760 746 798 a
759 749 861 798 natura
870 740 908 799 ad
922 741 1046 798 salutem
1059 738 1206 798 hominum
1220 746 1249 798 et

286 828 323 888 ed
334 831 577 890 conservationem
590 831 698 900 damni,
709 830 747 889 ad
761 832 901 889 bonorum
915 839 1026 909 pestem
1041 830 1249 909 perniciemque

292 922 467 981 oenrmtere‘?
487 921 550 980 Nee
558 930 663 990 tamen,
672 929 705 979 ut
713 922 768 979 hec
776 921 944 1000 fugiendum
953 930 1005 989 est,
1014 921 1082 979 item
1091 928 1135 980 est
1143 921 1248 980 haben·
1266 926 1301 979 15

286 1007 357 1069 dnm
363 1011 496 1088 religioni,
504 1019 654 1071 nocentem
662 1011 821 1090 aliquande,
831 1011 917 1070 modo
928 1030 962 1068 ne
971 1011 1109 1069 nefarium
1117 1011 1248 1089 impium-

301 1117 355 1178 que,
363 1102 519 1162 defendere.
548 1102 622 1160 Vult
633 1101 689 1161 hec
703 1101 865 1169 multitude,
881 1101 988 1178 patitur
999 1101 1182 1170 consuetudo,
1194 1103 1250 1159 fert

305 1190 372 1250 um
382 1193 549 1251 humanitas.
578 1192 687 1252 Judicis
701 1200 753 1260 est,
765 1212 878 1269 semper
891 1192 920 1249 in
934 1191 1026 1249 causis
1040 1210 1139 1249 verum
1153 1192 1248 1270 sequi:
1265 1198 1301 1249 le

306 1284 404 1356 petroni,
424 1302 628 1361 nonnunquam
649 1283 709 1341 ven'
730 1283 830 1351 simile,
845 1282 954 1340 etiamsi
977 1282 1068 1340 minus
1086 1282 1123 1339 sit
1140 1300 1248 1347 verum,

309 1367 452 1442 delendam
476 1373 555 1451 qued
578 1373 700 1431 scribere
725 1370 897 1452 (praesertim
918 1393 985 1432 cum
1005 1372 1042 1430 de
1066 1372 1247 1450 philosophia
1264 1372 1298 1429 17

310 1460 446 1543 mecam)
460 1482 518 1521 nen
531 1464 675 1531 auderem,
691 1463 744 1520 nisi
757 1463 833 1520 idem
848 1464 974 1542 placeret
993 1463 1160 1543 gravissime
1174 1462 1248 1520 Stoi-

311 1566 384 1610 corum
400 1554 537 1613 Panaetie.
581 1554 705 1613 Maxime
715 1561 823 1625 ,autem
838 1561 867 1612 ct
885 1554 976 1633 gloria
990 1555 1099 1631 paritur
1113 1560 1142 1611 et
1155 1554 1248 1633 gratia
1265 1560 1299 1611 18

310 1636 511 1703 defensionibus:
533 1662 625 1721 eoque
644 1645 745 1722 major,
761 1643 914 1721 siquando
933 1644 1043 1712 accidit,
1058 1652 1093 1703 ut
1106 1644 1131 1702 ei
1145 1647 1247 1703 subve-

309 1726 385 1801 ntur,
403 1734 450 1813 qni
470 1734 593 1813 petentis
614 1734 734 1812 alicujus
755 1734 857 1812 opibus
878 1734 1072 1792 circumveniri
1095 1734 1247 1812 urgerique

310 1816 425 1893 niuem
445 1833 478 1883 ut
491 1844 543 1882 nos
557 1831 587 1883 et
601 1843 678 1903 saepe
691 1825 769 1893 alias,
781 1833 811 1882 et
822 1825 1015 1883 adolescentes
1027 1830 1124 1881 contra
1138 1824 1170 1880 L.
1183 1823 1253 1892 Sul·¹
1265 1830 1299 1882 1ss

309 1903 506 1973 hdeminantis
526 1934 596 1993 opes
616 1934 669 1992 pre
689 1915 719 1974 S.
734 1915 840 1973 Roscio
859 1914 997 1973 Amerino
1017 1913 1152 1971 fecimus:
1174 1932 1248 1991 quae,

309 2003 333 2054 ut
341 2003 391 2073 scis,
404 2012 484 2063 extat
498 2004 597 2063 oratio.

335 2179 386 2243 XV.
404 2186 463 2245 sed
480 2185 615 2263 expositis
635 2185 858 2245 adolescentium
879 2186 984 2253 officiis
1000 2205 1066 2264 quae
1083 2186 1196 2244 valeant
1209 2187 1246 2244 ad

307 2266 400 2343 gloriam
413 2275 635 2353 adipiscendam,
651 2276 785 2355 deinceps
804 2276 842 2335 de
862 2276 1138 2335 beneficentia
1158 2296 1191 2334 ae
1210 2276 1247 2334 de

306 2353 501 2426 liberalitate
515 2366 667 2425 dicendum
681 2375 734 2426 est.
772 2368 863 2447 (lujus
877 2374 921 2426 est
934 2368 1005 2426 ratio
1020 2367 1136 2446 duplex.
1170 2367 1246 2426 Nam
1261 2374 1278 2426 2

305 2457 430 2536 ¹lulepera
443 2457 566 2535 benigne
580 2458 612 2515 fit
626 2458 827 2537 indigentibus,
842 2466 892 2516 aut
905 2459 1033 2536 pecunia.
1068 2458 1189 2518 Facilior
1202 2466 1246 2516 est

304 2534 497 2626 lueposten'or,
511 2548 647 2624 locupleti
663 2549 839 2626 praesertim:
861 2549 912 2607 sed
926 2549 974 2607 illa
988 2550 1091 2607 lautior
1104 2568 1138 2607 ae
1152 2550 1245 2628 splen-

303 2625 374 2696 didior
392 2646 421 2697 et
435 2639 496 2696 vire
517 2639 584 2696 ferti
606 2639 738 2716 clareque
759 2640 877 2718 dignior.
920 2640 1099 2718 Quamquam
1123 2640 1197 2698 enim
1217 2640 1277 2698 in3

301 2725 399 2806 utreque
417 2729 491 2788 inest
508 2729 687 2807 gratificandi
707 2730 830 2788 liberalis
844 2730 982 2799 veluntas,
997 2738 1094 2788 tamen
1107 2730 1197 2788 altera
1210 2748 1246 2786 ex

301 2823 357 2886 trra,
377 2820 465 2878 altera
488 2839 524 2877 ex
544 2820 648 2877 virtute
670 2820 863 2899 depromitur:
886 2820 1062 2899 largitioque,
1081 2839 1146 2897 quae
1164 2821 1196 2877 fit
1210 2839 1246 2877 ex

302 2913 325 2957 ΥΘ
334 2905 459 2978 familiari,
471 2910 580 2968 fontem
594 2910 688 2986 ipsum
702 2911 882 2989 benignitatis
893 2911 1030 2969 exhaurit.
1060 2911 1105 2967 Ita
1119 2909 1244 2986 benigni-

300 2990 344 3052 ltle
354 2999 646 3080 benignitastollitur:
667 3019 725 3077 qua
738 3021 795 3078 que
808 3001 837 3058 in
851 3002 948 3077 plures
961 3019 1030 3057 usus
1044 2999 1090 3066 sie,
1105 2998 1245 3055 eominus

299 3073 419 3150 illlrrultes
429 3091 473 3149 uti
487 3091 587 3169 possis,
616 3091 719 3170 Atqui
733 3110 829 3170 opera,
840 3091 869 3149 id
884 3098 928 3148 est
937 3090 1041 3147 virtute
1055 3096 1084 3146 et
1097 3088 1243 3155 industria,
1260 3093 1278 3145 4

300 3164 397 3240 bteelici
418 3189 449 3240 et
468 3181 599 3239 liberales
619 3189 710 3249 erunt,
726 3182 850 3260 primum
865 3200 922 3258 quo
936 3180 1064 3258 pluribus
1078 3178 1243 3256 prefuerint,

298 3269 416 3342 optares
426 3272 465 3330 ad
479 3271 600 3350 benigne
613 3272 774 3330 faciendum
785 3272 931 3350 adjutores
945 3271 1099 3337 habebunt.
1134 3268 1244 3327 Deinde
1259 3279 1275 3329 5

299 3361 480 3420 consuetudine
492 3362 687 3421 beneficentiae
701 3362 856 3440 paratiores
869 3369 952 3420 erunt
962 3369 992 3420 ct
1005 3369 1152 3438 tamqnam
1166 3379 1243 3418 exer-

298 3437 416 3510 datores
427 3452 465 3510 ad
480 3453 552 3511 bene
567 3452 603 3511 de
616 3453 714 3511 multis
732 3453 960 3528 promerendum.
995 3452 1135 3509 Praeclare
1146 3451 1174 3508 in
1185 3451 1242 3528 cpi·
1258 3458 1275 3509 6

297 3535 353 3596 tiela
361 3542 485 3620 quadam
496 3543 693 3601 Alexandrum
704 3543 793 3600 filium
802 3542 954 3619 Philippus
964 3549 1089 3609 accusat,
1101 3540 1178 3618 quod
1188 3541 1243 3598 lar·

296 3620 381 3697 gitiom
394 3632 614 3690 benivolentiam
628 3632 819 3690 Macedonum
830 3640 1018 3691 consectetur.
1052 3632 1122 3705 Qua
1137 3641 1168 3700 te,
1183 3652 1242 3688 ma-

294 3710 361 3779 ltm!
378 3723 477 3800 inquit,
491 3725 566 3780 ratio
585 3725 616 3780 c'o
633 3724 717 3780 utam
737 3742 810 3797 spem
831 3724 950 3791 inducit,
966 3732 999 3780 ot
1018 3742 1061 3781 eoa
1082 3724 1131 3779 titi
1144 3723 1244 3798 fideles

288 3818 387 3880 murce
401 3815 476 3890 fere,
499 3833 567 3889 quoe
585 3815 705 3888 pecunie
725 3815 913 3888 corrupisses?
953 3813 1003 3871 Ae
1023 3823 1053 3871 tu
1073 3815 1105 3871 td
1124 3814 1193 3887 apte,
1209 3820 1242 3868 ut

288 3896 440 3963 Macedones
463 3925 518 3962 neo
543 3913 567 3962 te
590 3924 678 3978 repam
702 3924 795 3972 suum,
817 3905 863 3962 aed
883 3906 1045 3962 ministrum
1065 3914 1091 3962 ct
1109 3903 1240 3979 prebite-

286 3995 543 4071 remepcrentfere?
583 3995 660 4053 Bene
674 3996 836 4052 ministrem
849 4004 875 4052 et
883 3997 1058 4068 praebitorem
1067 4013 1080 4066 ;
1101 3993 1272 4071 quoquidi
1366 3986 1370 3993 ’
