<?xml version="1.0" encoding="UTF-8"?>
<!DOCTYPE html PUBLIC "-//W3C//DTD XHTML 1.0 Transitional//EN"
    "http://www.w3.org/TR/xhtml1/DTD/xhtml1-transitional.dtd">
<html xmlns="http://www.w3.org/1999/xhtml" xml:lang="en" lang="en">
 <head>
  <title>
</title>
<meta http-equiv="Content-Type" content="text/html;charset=utf-8" />
  <meta name='ocr-system' content='tesseract 3.04.00' />
  <meta name='ocr-capabilities' content='ocr_page ocr_carea ocr_par ocr_line ocrx_word'/>
</head>
<body>
  <div class='ocr_page' id='page_1' title='image "./mtulliiciceroni00thacgoog_0104.png"; bbox 0 0 3259 4775; ppageno 0'>
   <div class='ocr_carea' id='block_1_1' title="bbox 304 579 901 633">
    <p class='ocr_par' dir='ltr' id='par_1_1' title="bbox 304 579 901 633">
     <span class='ocr_line' id='line_1_1' title="bbox 304 579 901 633; baseline -0.003 -2"><span class='ocrx_word' id='word_1_1' title='bbox 304 579 342 633; x_wconf 80' lang='grc'>96</span> <span class='ocrx_word' id='word_1_2' title='bbox 714 589 753 627; x_wconf 83' lang='lat' dir='ltr'>or</span> <span class='ocrx_word' id='word_1_3' title='bbox 774 587 901 628; x_wconf 86' lang='lat' dir='ltr'>orrrcus</span> 
     </span>
    </p>
   </div>
   <div class='ocr_carea' id='block_1_2' title="bbox 311 717 1347 4038">
    <p class='ocr_par' dir='ltr' id='par_1_2' title="bbox 354 717 1299 886">
     <span class='ocr_line' id='line_1_2' title="bbox 355 717 1299 798; baseline 0 -20"><span class='ocrx_word' id='word_1_4' title='bbox 355 721 507 778; x_wconf 85' lang='lat' dir='ltr'>honestum</span> <span class='ocrx_word' id='word_1_5' title='bbox 521 719 565 786; x_wconf 88' lang='lat' dir='ltr'>sit,</span> <span class='ocrx_word' id='word_1_6' title='bbox 580 718 610 776; x_wconf 93' lang='lat' dir='ltr'>id</span> <span class='ocrx_word' id='word_1_7' title='bbox 624 738 686 777; x_wconf 88' lang='lat' dir='ltr'>esse</span> <span class='ocrx_word' id='word_1_8' title='bbox 706 726 757 776; x_wconf 88' lang='lat' dir='ltr'>aut</span> <span class='ocrx_word' id='word_1_9' title='bbox 770 719 862 777; x_wconf 91' lang='lat' dir='ltr'>solum</span> <span class='ocrx_word' id='word_1_10' title='bbox 875 725 926 776; x_wconf 86' lang='lat' dir='ltr'>aut</span> <span class='ocrx_word' id='word_1_11' title='bbox 939 737 1085 776; x_wconf 88' lang='lat' dir='ltr'>summum</span> <span class='ocrx_word' id='word_1_12' title='bbox 1098 721 1218 779; x_wconf 91' lang='lat' dir='ltr'>bouum:</span> <span class='ocrx_word' id='word_1_13' title='bbox 1238 717 1299 798; x_wconf 89' lang='lat' dir='ltr'>quod</span> 
     </span>
     <span class='ocr_line' id='line_1_3' title="bbox 354 808 1298 886; baseline 0.002 -20"><span class='ocrx_word' id='word_1_14' title='bbox 354 816 451 867; x_wconf 84' lang='lat' dir='ltr'>nutem</span> <span class='ocrx_word' id='word_1_15' title='bbox 469 828 579 876; x_wconf 88' lang='lat' dir='ltr'>nonum,</span> <span class='ocrx_word' id='word_1_16' title='bbox 594 809 623 865; x_wconf 93' lang='lat' dir='ltr'>id</span> <span class='ocrx_word' id='word_1_17' title='bbox 638 817 714 867; x_wconf 89' lang='lat' dir='ltr'>certo</span> <span class='ocrx_word' id='word_1_18' title='bbox 728 808 812 867; x_wconf 89' lang='lat' dir='ltr'>utile:</span> <span class='ocrx_word' id='word_1_19' title='bbox 828 808 868 866; x_wconf 89' lang='lat' dir='ltr'>ita</span> <span class='ocrx_word' id='word_1_20' title='bbox 881 808 1015 886; x_wconf 92' lang='lat' dir='ltr'>quicquid</span> <span class='ocrx_word' id='word_1_21' title='bbox 1030 808 1192 878; x_wconf 88' lang='lat' dir='ltr'>honestum,</span> <span class='ocrx_word' id='word_1_22' title='bbox 1199 810 1228 868; x_wconf 89' lang='lat' dir='ltr'>id</span> <span class='ocrx_word' id='word_1_23' title='bbox 1239 809 1298 868; x_wconf 78' lang='lat' dir='ltr'>uda</span> 
     </span>
    </p>

    <p class='ocr_par' dir='ltr' id='par_1_3' title="bbox 321 899 1300 977">
     <span class='ocr_line' id='line_1_4' title="bbox 321 899 1300 977; baseline -0.001 -19"><span class='ocrx_word' id='word_1_24' title='bbox 321 906 340 958; x_wconf 83' lang='lat'>4</span> <span class='ocrx_word' id='word_1_25' title='bbox 356 901 451 970; x_wconf 81' lang='lat' dir='ltr'>Quare</span> <span class='ocrx_word' id='word_1_26' title='bbox 465 919 542 957; x_wconf 88' lang='lat' dir='ltr'>error</span> <span class='ocrx_word' id='word_1_27' title='bbox 554 900 701 956; x_wconf 91' lang='lat' dir='ltr'>hominurn</span> <span class='ocrx_word' id='word_1_28' title='bbox 714 918 770 956; x_wconf 92' lang='lat' dir='ltr'>non</span> <span class='ocrx_word' id='word_1_29' title='bbox 784 899 947 976; x_wconf 89' lang='lat' dir='ltr'>proborum,</span> <span class='ocrx_word' id='word_1_30' title='bbox 958 919 1023 957; x_wconf 91' lang='lat' dir='ltr'>cum</span> <span class='ocrx_word' id='word_1_31' title='bbox 1035 900 1151 977; x_wconf 82' lang='lat' dir='ltr'>aliquid,</span> <span class='ocrx_word' id='word_1_32' title='bbox 1162 900 1237 977; x_wconf 91' lang='lat' dir='ltr'>quod</span> <span class='ocrx_word' id='word_1_33' title='bbox 1248 899 1300 957; x_wconf 80' lang='lat' dir='ltr'>utile</span> 
     </span>
    </p>

    <p class='ocr_par' dir='ltr' id='par_1_4' title="bbox 321 989 1302 1428">
     <span class='ocr_line' id='line_1_5' title="bbox 321 989 1300 1067; baseline -0.001 -18"><span class='ocrx_word' id='word_1_34' title='bbox 321 992 443 1050; x_wconf 75' lang='lat' dir='ltr'>tvisum</span> <span class='ocrx_word' id='word_1_35' title='bbox 465 1003 517 1057; x_wconf 87' lang='lat' dir='ltr'>cst,</span> <span class='ocrx_word' id='word_1_36' title='bbox 534 990 659 1067; x_wconf 82' lang='lat' dir='ltr'>arripuit,</span> <span class='ocrx_word' id='word_1_37' title='bbox 674 989 704 1046; x_wconf 94' lang='lat' dir='ltr'>id</span> <span class='ocrx_word' id='word_1_38' title='bbox 724 989 857 1047; x_wconf 88' lang='lat' dir='ltr'>continuo</span> <span class='ocrx_word' id='word_1_39' title='bbox 877 989 998 1047; x_wconf 80' lang='lat' dir='ltr'>secernit</span> <span class='ocrx_word' id='word_1_40' title='bbox 1019 990 1056 1048; x_wconf 90' lang='lat' dir='ltr'>ab</span> <span class='ocrx_word' id='word_1_41' title='bbox 1079 991 1206 1049; x_wconf 89' lang='lat' dir='ltr'>honesto.</span> <span class='ocrx_word' id='word_1_42' title='bbox 1243 990 1300 1048; x_wconf 79' lang='lat' dir='ltr'>lfinc</span> 
     </span>
     <span class='ocr_line' id='line_1_6' title="bbox 353 1073 1301 1148; baseline 0 -10"><span class='ocrx_word' id='word_1_43' title='bbox 353 1081 429 1148; x_wconf 85' lang='lat' dir='ltr'>sicae,</span> <span class='ocrx_word' id='word_1_44' title='bbox 439 1082 503 1138; x_wconf 81' lang='lat' dir='ltr'>binc</span> <span class='ocrx_word' id='word_1_45' title='bbox 512 1099 628 1148; x_wconf 84' lang='lat' dir='ltr'>venena,</span> <span class='ocrx_word' id='word_1_46' title='bbox 638 1080 702 1137; x_wconf 92' lang='lat' dir='ltr'>hinc</span> <span class='ocrx_word' id='word_1_47' title='bbox 712 1073 785 1136; x_wconf 79' lang='lat' dir='ltr'>falsa</span> <span class='ocrx_word' id='word_1_48' title='bbox 796 1074 968 1137; x_wconf 79' lang='lat' dir='ltr'>testamenta</span> <span class='ocrx_word' id='word_1_49' title='bbox 977 1088 1146 1138; x_wconf 82' lang='lat' dir='ltr'>noscuntur:</span> <span class='ocrx_word' id='word_1_50' title='bbox 1162 1081 1301 1148; x_wconf 78' lang='lat' dir='ltr'>hincfurta,</span> 
     </span>
     <span class='ocr_line' id='line_1_7' title="bbox 353 1169 1302 1250; baseline -0.001 -21"><span class='ocrx_word' id='word_1_51' title='bbox 353 1172 511 1250; x_wconf 79' lang='lat' dir='ltr'>peculatus,</span> <span class='ocrx_word' id='word_1_52' title='bbox 526 1170 710 1248; x_wconf 83' lang='lat' dir='ltr'>expilationes</span> <span class='ocrx_word' id='word_1_53' title='bbox 731 1169 960 1247; x_wconf 84' lang='lat' dir='ltr'>direptionesque</span> <span class='ocrx_word' id='word_1_54' title='bbox 983 1170 1125 1231; x_wconf 81' lang='lat' dir='ltr'>sociorum</span> <span class='ocrx_word' id='word_1_55' title='bbox 1146 1177 1177 1228; x_wconf 89' lang='lat' dir='ltr'>et</span> <span class='ocrx_word' id='word_1_56' title='bbox 1200 1171 1302 1239; x_wconf 71' lang='lat' dir='ltr'>civium</span> 
     </span>
     <span class='ocr_line' id='line_1_8' title="bbox 352 1259 1302 1339; baseline -0.001 -20"><span class='ocrx_word' id='word_1_57' title='bbox 352 1262 416 1319; x_wconf 91' lang='lat' dir='ltr'>hinc</span> <span class='ocrx_word' id='word_1_58' title='bbox 431 1281 517 1339; x_wconf 93' lang='lat' dir='ltr'>opum</span> <span class='ocrx_word' id='word_1_59' title='bbox 532 1261 680 1317; x_wconf 88' lang='lat' dir='ltr'>nimiarum</span> <span class='ocrx_word' id='word_1_60' title='bbox 694 1260 829 1337; x_wconf 86' lang='lat' dir='ltr'>potentiae</span> <span class='ocrx_word' id='word_1_61' title='bbox 843 1279 901 1317; x_wconf 92' lang='lat' dir='ltr'>non</span> <span class='ocrx_word' id='word_1_62' title='bbox 914 1259 1057 1328; x_wconf 85' lang='lat' dir='ltr'>ferendae;</span> <span class='ocrx_word' id='word_1_63' title='bbox 1076 1267 1222 1338; x_wconf 89' lang='lat' dir='ltr'>postremo</span> <span class='ocrx_word' id='word_1_64' title='bbox 1234 1261 1302 1318; x_wconf 82' lang='lat' dir='ltr'>etiam</span> 
     </span>
     <span class='ocr_line' id='line_1_9' title="bbox 350 1349 1302 1428; baseline -0.001 -19"><span class='ocrx_word' id='word_1_65' title='bbox 350 1351 379 1409; x_wconf 90' lang='lat' dir='ltr'>in</span> <span class='ocrx_word' id='word_1_66' title='bbox 392 1352 485 1409; x_wconf 89' lang='lat' dir='ltr'>liberis</span> <span class='ocrx_word' id='word_1_67' title='bbox 500 1350 660 1409; x_wconf 87' lang='lat' dir='ltr'>civitatibus</span> <span class='ocrx_word' id='word_1_68' title='bbox 673 1350 812 1427; x_wconf 87' lang='lat' dir='ltr'>regnandi</span> <span class='ocrx_word' id='word_1_69' title='bbox 825 1349 949 1407; x_wconf 84' lang='lat' dir='ltr'>existunt</span> <span class='ocrx_word' id='word_1_70' title='bbox 963 1350 1145 1427; x_wconf 87' lang='lat' dir='ltr'>cupiditates,</span> <span class='ocrx_word' id='word_1_71' title='bbox 1161 1351 1260 1428; x_wconf 88' lang='lat' dir='ltr'>quibus</span> <span class='ocrx_word' id='word_1_72' title='bbox 1270 1349 1302 1408; x_wconf 91' lang='lat' dir='ltr'>ui-</span> 
     </span>
    </p>

    <p class='ocr_par' dir='ltr' id='par_1_5' title="bbox 318 1439 1305 1699">
     <span class='ocr_line' id='line_1_10' title="bbox 318 1439 1304 1517; baseline 0 -19"><span class='ocrx_word' id='word_1_73' title='bbox 318 1441 390 1498; x_wconf 84' lang='lat' dir='ltr'>chit</span> <span class='ocrx_word' id='word_1_74' title='bbox 405 1461 456 1499; x_wconf 90' lang='lat' dir='ltr'>nec</span> <span class='ocrx_word' id='word_1_75' title='bbox 471 1441 588 1507; x_wconf 85' lang='lat' dir='ltr'>taetrius,</span> <span class='ocrx_word' id='word_1_76' title='bbox 603 1458 655 1497; x_wconf 90' lang='lat' dir='ltr'>nec</span> <span class='ocrx_word' id='word_1_77' title='bbox 670 1439 775 1497; x_wconf 87' lang='lat' dir='ltr'>foedius</span> <span class='ocrx_word' id='word_1_78' title='bbox 796 1439 949 1517; x_wconf 84' lang='lat' dir='ltr'>excogitari</span> <span class='ocrx_word' id='word_1_79' title='bbox 971 1447 1075 1517; x_wconf 85' lang='lat' dir='ltr'>potest.</span> <span class='ocrx_word' id='word_1_80' title='bbox 1119 1441 1304 1500; x_wconf 76' lang='lat' dir='ltr'>Emolumenta</span> 
     </span>
     <span class='ocr_line' id='line_1_11' title="bbox 351 1529 1304 1608; baseline 0.001 -21"><span class='ocrx_word' id='word_1_81' title='bbox 351 1530 424 1588; x_wconf 87' lang='lat' dir='ltr'>enirn</span> <span class='ocrx_word' id='word_1_82' title='bbox 439 1549 533 1587; x_wconf 90' lang='lat' dir='ltr'>rerum</span> <span class='ocrx_word' id='word_1_83' title='bbox 552 1529 702 1586; x_wconf 84' lang='lat' dir='ltr'>fallacibus</span> <span class='ocrx_word' id='word_1_84' title='bbox 719 1530 836 1607; x_wconf 91' lang='lat' dir='ltr'>judiciis</span> <span class='ocrx_word' id='word_1_85' title='bbox 846 1530 960 1588; x_wconf 89' lang='lat' dir='ltr'>vident:</span> <span class='ocrx_word' id='word_1_86' title='bbox 982 1549 1109 1608; x_wconf 90' lang='lat' dir='ltr'>poenam,</span> <span class='ocrx_word' id='word_1_87' title='bbox 1124 1550 1184 1589; x_wconf 91' lang='lat' dir='ltr'>non</span> <span class='ocrx_word' id='word_1_88' title='bbox 1203 1530 1304 1590; x_wconf 89' lang='lat' dir='ltr'>dicole·</span> 
     </span>
     <span class='ocr_line' id='line_1_12' title="bbox 349 1619 1305 1699; baseline 0.004 -24"><span class='ocrx_word' id='word_1_89' title='bbox 349 1640 427 1698; x_wconf 91' lang='lat' dir='ltr'>gum,</span> <span class='ocrx_word' id='word_1_90' title='bbox 443 1638 529 1697; x_wconf 88' lang='lat' dir='ltr'>quam</span> <span class='ocrx_word' id='word_1_91' title='bbox 550 1638 630 1696; x_wconf 83' lang='lat' dir='ltr'>saepe</span> <span class='ocrx_word' id='word_1_92' title='bbox 653 1619 917 1697; x_wconf 63' lang='lat' dir='ltr'>perrumpuntssed</span> <span class='ocrx_word' id='word_1_93' title='bbox 936 1620 1025 1697; x_wconf 89' lang='lat' dir='ltr'>ipsius</span> <span class='ocrx_word' id='word_1_94' title='bbox 1046 1621 1305 1699; x_wconf 71' lang='lat' dir='ltr'>turpitudinisque</span> 
     </span>
    </p>

    <p class='ocr_par' dir='ltr' id='par_1_6' title="bbox 318 1707 1347 2150">
     <span class='ocr_line' id='line_1_13' title="bbox 318 1707 1304 1789; baseline 0 -20"><span class='ocrx_word' id='word_1_95' title='bbox 318 1710 334 1770; x_wconf 78' lang='lat' dir='ltr'>&#39;t</span> <span class='ocrx_word' id='word_1_96' title='bbox 349 1710 528 1768; x_wconf 88' lang='lat' dir='ltr'>acerbissima</span> <span class='ocrx_word' id='word_1_97' title='bbox 542 1716 595 1777; x_wconf 89' lang='lat' dir='ltr'>cst,</span> <span class='ocrx_word' id='word_1_98' title='bbox 610 1728 668 1766; x_wconf 92' lang='lat' dir='ltr'>non</span> <span class='ocrx_word' id='word_1_99' title='bbox 682 1710 788 1768; x_wconf 88' lang='lat' dir='ltr'>vident.</span> <span class='ocrx_word' id='word_1_100' title='bbox 827 1707 1024 1789; x_wconf 77' lang='lat' dir='ltr'>Quamobrem</span> <span class='ocrx_word' id='word_1_101' title='bbox 1045 1710 1101 1768; x_wconf 90' lang='lat' dir='ltr'>hoc</span> <span class='ocrx_word' id='word_1_102' title='bbox 1118 1711 1236 1788; x_wconf 79' lang='lat' dir='ltr'>quidem</span> <span class='ocrx_word' id='word_1_103' title='bbox 1248 1709 1304 1769; x_wconf 90' lang='lat' dir='ltr'>deli·</span> 
     </span>
     <span class='ocr_line' id='line_1_14' title="bbox 349 1796 1347 1879; baseline -0.001 -21"><span class='ocrx_word' id='word_1_104' title='bbox 349 1800 507 1858; x_wconf 88' lang='lat' dir='ltr'>berantium</span> <span class='ocrx_word' id='word_1_105' title='bbox 530 1819 622 1878; x_wconf 89' lang='lat' dir='ltr'>genus</span> <span class='ocrx_word' id='word_1_106' title='bbox 644 1800 768 1877; x_wconf 87' lang='lat' dir='ltr'>pellatur</span> <span class='ocrx_word' id='word_1_107' title='bbox 781 1818 797 1857; x_wconf 86' lang='lat' dir='ltr'>c</span> <span class='ocrx_word' id='word_1_108' title='bbox 811 1796 906 1857; x_wconf 83' lang='lat' dir='ltr'>medio</span> <span class='ocrx_word' id='word_1_109' title='bbox 922 1798 978 1879; x_wconf 91' lang='lat' dir='ltr'>(est</span> <span class='ocrx_word' id='word_1_110' title='bbox 999 1800 1073 1858; x_wconf 89' lang='lat' dir='ltr'>enim</span> <span class='ocrx_word' id='word_1_111' title='bbox 1090 1807 1186 1859; x_wconf 90' lang='lat' dir='ltr'>totum</span> <span class='ocrx_word' id='word_1_112' title='bbox 1202 1802 1305 1859; x_wconf 70' lang='lat' dir='ltr'>scelere</span> <span class='ocrx_word' id='word_1_113' title='bbox 1346 1797 1347 1866; x_wconf 64' lang='grc' dir='ltr'>ἶ</span> 
     </span>
     <span class='ocr_line' id='line_1_15' title="bbox 348 1887 1306 1969; baseline -0.001 -20"><span class='ocrx_word' id='word_1_114' title='bbox 348 1899 410 1949; x_wconf 90' lang='lat' dir='ltr'>tum</span> <span class='ocrx_word' id='word_1_115' title='bbox 432 1899 461 1949; x_wconf 93' lang='lat' dir='ltr'>et</span> <span class='ocrx_word' id='word_1_116' title='bbox 482 1890 613 1968; x_wconf 91' lang='lat' dir='ltr'>impium)</span> <span class='ocrx_word' id='word_1_117' title='bbox 635 1890 684 1967; x_wconf 93' lang='lat' dir='ltr'>qui</span> <span class='ocrx_word' id='word_1_118' title='bbox 705 1890 872 1956; x_wconf 88' lang='lat' dir='ltr'>deliberant,</span> <span class='ocrx_word' id='word_1_119' title='bbox 887 1897 984 1948; x_wconf 91' lang='lat' dir='ltr'>utrum</span> <span class='ocrx_word' id='word_1_120' title='bbox 1006 1890 1036 1947; x_wconf 92' lang='lat' dir='ltr'>id</span> <span class='ocrx_word' id='word_1_121' title='bbox 1057 1900 1225 1967; x_wconf 87' lang='lat' dir='ltr'>sequantur,</span> <span class='ocrx_word' id='word_1_122' title='bbox 1240 1887 1306 1969; x_wconf 86' lang='lat' dir='ltr'>quod</span> 
     </span>
     <span class='ocr_line' id='line_1_16' title="bbox 348 1979 1347 2047; baseline -0.001 -8"><span class='ocrx_word' id='word_1_123' title='bbox 348 1982 499 2039; x_wconf 93' lang='lat' dir='ltr'>honestum</span> <span class='ocrx_word' id='word_1_124' title='bbox 509 1999 571 2037; x_wconf 90' lang='lat' dir='ltr'>esse</span> <span class='ocrx_word' id='word_1_125' title='bbox 581 1980 704 2047; x_wconf 85' lang='lat' dir='ltr'>videant,</span> <span class='ocrx_word' id='word_1_126' title='bbox 714 1998 750 2036; x_wconf 89' lang='lat' dir='ltr'>an</span> <span class='ocrx_word' id='word_1_127' title='bbox 761 1998 791 2037; x_wconf 90' lang='lat' dir='ltr'>se</span> <span class='ocrx_word' id='word_1_128' title='bbox 802 1980 923 2037; x_wconf 89' lang='lat' dir='ltr'>scientes</span> <span class='ocrx_word' id='word_1_129' title='bbox 936 1980 1042 2038; x_wconf 89' lang='lat' dir='ltr'>scelere</span> <span class='ocrx_word' id='word_1_130' title='bbox 1053 1982 1254 2039; x_wconf 89' lang='lat' dir='ltr'>contaminent.</span> <span class='ocrx_word' id='word_1_131' title='bbox 1277 1979 1306 2038; x_wconf 89' lang='lat' dir='ltr'>ln</span> <span class='ocrx_word' id='word_1_132' title='bbox 1346 1983 1347 2016; x_wconf 74' lang='lat'>³</span> 
     </span>
     <span class='ocr_line' id='line_1_17' title="bbox 346 2069 1347 2150; baseline 0 -22"><span class='ocrx_word' id='word_1_133' title='bbox 346 2072 408 2149; x_wconf 88' lang='lat' dir='ltr'>ipsa</span> <span class='ocrx_word' id='word_1_134' title='bbox 422 2071 496 2128; x_wconf 88' lang='lat' dir='ltr'>enim</span> <span class='ocrx_word' id='word_1_135' title='bbox 510 2070 687 2127; x_wconf 81' lang='lat' dir='ltr'>dubitatione</span> <span class='ocrx_word' id='word_1_136' title='bbox 707 2069 816 2127; x_wconf 85' lang='lat' dir='ltr'>facinus</span> <span class='ocrx_word' id='word_1_137' title='bbox 830 2069 913 2137; x_wconf 94' lang='lat' dir='ltr'>inest,</span> <span class='ocrx_word' id='word_1_138' title='bbox 928 2070 1037 2129; x_wconf 84' lang='lat' dir='ltr'>etiamsi</span> <span class='ocrx_word' id='word_1_139' title='bbox 1051 2071 1089 2128; x_wconf 88' lang='lat' dir='ltr'>ad</span> <span class='ocrx_word' id='word_1_140' title='bbox 1103 2071 1133 2128; x_wconf 90' lang='lat' dir='ltr'>id</span> <span class='ocrx_word' id='word_1_141' title='bbox 1147 2090 1206 2129; x_wconf 92' lang='lat' dir='ltr'>uon</span> <span class='ocrx_word' id='word_1_142' title='bbox 1220 2088 1305 2150; x_wconf 81' lang='lat' dir='ltr'>perve-</span> <span class='ocrx_word' id='word_1_143' title='bbox 1346 2135 1347 2140; x_wconf 7' lang='grc' dir='ltr'>ἵ</span> 
     </span>
    </p>

    <p class='ocr_par' dir='ltr' id='par_1_7' title="bbox 315 2159 1306 2327">
     <span class='ocr_line' id='line_1_18' title="bbox 315 2159 1306 2239; baseline -0.001 -20"><span class='ocrx_word' id='word_1_144' title='bbox 315 2167 332 2219; x_wconf 84' lang='grc'><strong>8</strong></span> <span class='ocrx_word' id='word_1_145' title='bbox 347 2160 445 2217; x_wconf 76' lang='lat' dir='ltr'>nerine.</span> <span class='ocrx_word' id='word_1_146' title='bbox 487 2160 566 2237; x_wconf 89' lang='lat' dir='ltr'>Ergo</span> <span class='ocrx_word' id='word_1_147' title='bbox 580 2178 614 2217; x_wconf 86' lang='lat' dir='ltr'>ea</span> <span class='ocrx_word' id='word_1_148' title='bbox 628 2159 812 2218; x_wconf 86' lang='lat' dir='ltr'>deliberanda</span> <span class='ocrx_word' id='word_1_149' title='bbox 826 2160 938 2218; x_wconf 93' lang='lat' dir='ltr'>omnino</span> <span class='ocrx_word' id='word_1_150' title='bbox 952 2180 1008 2218; x_wconf 93' lang='lat' dir='ltr'>non</span> <span class='ocrx_word' id='word_1_151' title='bbox 1022 2167 1096 2229; x_wconf 89' lang='lat' dir='ltr'>sunt,</span> <span class='ocrx_word' id='word_1_152' title='bbox 1110 2160 1141 2219; x_wconf 90' lang='lat' dir='ltr'>in</span> <span class='ocrx_word' id='word_1_153' title='bbox 1156 2162 1258 2239; x_wconf 90' lang='lat' dir='ltr'>quibus</span> <span class='ocrx_word' id='word_1_154' title='bbox 1270 2165 1306 2218; x_wconf 77' lang='lat' dir='ltr'>est</span> 
     </span>
     <span class='ocr_line' id='line_1_19' title="bbox 348 2249 706 2327; baseline 0.006 -21"><span class='ocrx_word' id='word_1_155' title='bbox 348 2250 441 2327; x_wconf 89' lang='lat' dir='ltr'>turpis</span> <span class='ocrx_word' id='word_1_156' title='bbox 455 2250 518 2325; x_wconf 91' lang='lat' dir='ltr'>ipsa</span> <span class='ocrx_word' id='word_1_157' title='bbox 532 2249 706 2308; x_wconf 88' lang='lat' dir='ltr'>deliberatio.</span> 
     </span>
    </p>

    <p class='ocr_par' dir='ltr' id='par_1_8' title="bbox 315 2337 1305 3318">
     <span class='ocr_line' id='line_1_20' title="bbox 315 2337 1305 2418; baseline 0.001 -19"><span class='ocrx_word' id='word_1_158' title='bbox 315 2348 332 2399; x_wconf 89' lang='lat'>9</span> <span class='ocrx_word' id='word_1_159' title='bbox 387 2341 484 2418; x_wconf 80' lang='lat' dir='ltr'>Atque</span> <span class='ocrx_word' id='word_1_160' title='bbox 507 2339 591 2397; x_wconf 89' lang='lat' dir='ltr'>etiam</span> <span class='ocrx_word' id='word_1_161' title='bbox 615 2340 745 2398; x_wconf 85' lang='lat' dir='ltr'>exomni</span> <span class='ocrx_word' id='word_1_162' title='bbox 766 2339 967 2399; x_wconf 86' lang='lat' dir='ltr'>deliberatione</span> <span class='ocrx_word' id='word_1_163' title='bbox 987 2340 1098 2399; x_wconf 85' lang='lat' dir='ltr'>celandi</span> <span class='ocrx_word' id='word_1_164' title='bbox 1112 2348 1142 2399; x_wconf 88' lang='lat' dir='ltr'>et</span> <span class='ocrx_word' id='word_1_165' title='bbox 1156 2337 1305 2400; x_wconf 85' lang='lat' dir='ltr'>occultandi</span> 
     </span>
     <span class='ocr_line' id='line_1_21' title="bbox 347 2430 1304 2507; baseline 0 -20"><span class='ocrx_word' id='word_1_166' title='bbox 347 2450 412 2507; x_wconf 89' lang='lat' dir='ltr'>spes</span> <span class='ocrx_word' id='word_1_167' title='bbox 435 2430 584 2506; x_wconf 88' lang='lat' dir='ltr'>opinioque</span> <span class='ocrx_word' id='word_1_168' title='bbox 606 2431 778 2488; x_wconf 89' lang='lat' dir='ltr'>removenda</span> <span class='ocrx_word' id='word_1_169' title='bbox 800 2438 852 2489; x_wconf 89' lang='lat' dir='ltr'>est.</span> <span class='ocrx_word' id='word_1_170' title='bbox 895 2431 971 2490; x_wconf 80' lang='lat' dir='ltr'>Satis</span> <span class='ocrx_word' id='word_1_171' title='bbox 993 2431 1066 2488; x_wconf 91' lang='lat' dir='ltr'>enim</span> <span class='ocrx_word' id='word_1_172' title='bbox 1080 2431 1172 2499; x_wconf 89' lang='lat' dir='ltr'>nobis,</span> <span class='ocrx_word' id='word_1_173' title='bbox 1188 2432 1212 2490; x_wconf 92' lang='lat' dir='ltr'>si</span> <span class='ocrx_word' id='word_1_174' title='bbox 1230 2430 1304 2490; x_wconf 92' lang='lat' dir='ltr'>modo</span> 
     </span>
     <span class='ocr_line' id='line_1_22' title="bbox 346 2518 1304 2598; baseline -0.001 -20"><span class='ocrx_word' id='word_1_175' title='bbox 346 2521 374 2578; x_wconf 90' lang='lat' dir='ltr'>in</span> <span class='ocrx_word' id='word_1_176' title='bbox 389 2518 569 2596; x_wconf 88' lang='lat' dir='ltr'>philosophia</span> <span class='ocrx_word' id='word_1_177' title='bbox 590 2519 696 2596; x_wconf 89' lang='lat' dir='ltr'>aliquid</span> <span class='ocrx_word' id='word_1_178' title='bbox 716 2521 894 2598; x_wconf 69' lang='lat' dir='ltr'>profecimus</span> <span class='ocrx_word' id='word_1_179' title='bbox 911 2540 1077 2598; x_wconf 89' lang='lat' dir='ltr'>persuasum</span> <span class='ocrx_word' id='word_1_180' title='bbox 1099 2541 1162 2579; x_wconf 90' lang='lat' dir='ltr'>esse</span> <span class='ocrx_word' id='word_1_181' title='bbox 1182 2519 1304 2591; x_wconf 89' lang='lat' dir='ltr'>debet,si</span> 
     </span>
     <span class='ocr_line' id='line_1_23' title="bbox 347 2609 1302 2687; baseline -0.002 -19"><span class='ocrx_word' id='word_1_182' title='bbox 347 2629 443 2668; x_wconf 89' lang='lat' dir='ltr'>omnes</span> <span class='ocrx_word' id='word_1_183' title='bbox 464 2609 532 2666; x_wconf 87' lang='lat' dir='ltr'>deos</span> <span class='ocrx_word' id='word_1_184' title='bbox 547 2609 731 2686; x_wconf 89' lang='lat' dir='ltr'>hominesque</span> <span class='ocrx_word' id='word_1_185' title='bbox 752 2611 843 2667; x_wconf 87' lang='lat' dir='ltr'>celare</span> <span class='ocrx_word' id='word_1_186' title='bbox 862 2611 1012 2687; x_wconf 76' lang='lat' dir='ltr'>possimne,</span> <span class='ocrx_word' id='word_1_187' title='bbox 1026 2611 1096 2669; x_wconf 91' lang='lat' dir='ltr'>nihil</span> <span class='ocrx_word' id='word_1_188' title='bbox 1109 2618 1207 2669; x_wconf 89' lang='lat' dir='ltr'>tamen</span> <span class='ocrx_word' id='word_1_189' title='bbox 1221 2628 1302 2677; x_wconf 84' lang='lat' dir='ltr'>avare,</span> 
     </span>
     <span class='ocr_line' id='line_1_24' title="bbox 347 2699 1302 2777; baseline -0.001 -19"><span class='ocrx_word' id='word_1_190' title='bbox 347 2700 414 2758; x_wconf 92' lang='lat' dir='ltr'>nibil</span> <span class='ocrx_word' id='word_1_191' title='bbox 428 2699 541 2777; x_wconf 87' lang='lat' dir='ltr'>injuste,</span> <span class='ocrx_word' id='word_1_192' title='bbox 557 2699 625 2758; x_wconf 89' lang='lat' dir='ltr'>nibil</span> <span class='ocrx_word' id='word_1_193' title='bbox 639 2700 794 2767; x_wconf 87' lang='lat' dir='ltr'>libidinose,</span> <span class='ocrx_word' id='word_1_194' title='bbox 810 2701 880 2758; x_wconf 91' lang='lat' dir='ltr'>nihil</span> <span class='ocrx_word' id='word_1_195' title='bbox 899 2701 1104 2759; x_wconf 89' lang='lat' dir='ltr'>incontinenter</span> <span class='ocrx_word' id='word_1_196' title='bbox 1125 2720 1188 2759; x_wconf 86' lang='lat' dir='ltr'>esse</span> <span class='ocrx_word' id='word_1_197' title='bbox 1210 2701 1302 2759; x_wconf 85' lang='lat' dir='ltr'>facien·</span> 
     </span>
     <span class='ocr_line' id='line_1_25' title="bbox 347 2790 1302 2868; baseline -0.001 -20"><span class='ocrx_word' id='word_1_198' title='bbox 347 2792 424 2848; x_wconf 91' lang='lat' dir='ltr'>dum.</span> <span class='ocrx_word' id='word_1_199' title='bbox 467 2790 517 2848; x_wconf 90' lang='lat' dir='ltr'>IX.</span> <span class='ocrx_word' id='word_1_200' title='bbox 540 2790 613 2847; x_wconf 89' lang='lat' dir='ltr'>Hinc</span> <span class='ocrx_word' id='word_1_201' title='bbox 634 2791 682 2847; x_wconf 88' lang='lat' dir='ltr'>ille</span> <span class='ocrx_word' id='word_1_202' title='bbox 704 2791 803 2868; x_wconf 83' lang='lat' dir='ltr'>Gyges</span> <span class='ocrx_word' id='word_1_203' title='bbox 824 2791 968 2849; x_wconf 87' lang='lat' dir='ltr'>inducitur</span> <span class='ocrx_word' id='word_1_204' title='bbox 981 2809 998 2847; x_wconf 87' lang='lat' dir='ltr'>a</span> <span class='ocrx_word' id='word_1_205' title='bbox 1011 2791 1148 2848; x_wconf 87' lang='lat' dir='ltr'>Platone:</span> <span class='ocrx_word' id='word_1_206' title='bbox 1172 2791 1231 2868; x_wconf 92' lang='lat' dir='ltr'>qui,</span> <span class='ocrx_word' id='word_1_207' title='bbox 1245 2808 1302 2848; x_wconf 89' lang='lat' dir='ltr'>cum</span> 
     </span>
     <span class='ocr_line' id='line_1_26' title="bbox 345 2878 1302 2959; baseline -0.004 -19"><span class='ocrx_word' id='word_1_208' title='bbox 345 2890 421 2940; x_wconf 88' lang='lat' dir='ltr'>terra</span> <span class='ocrx_word' id='word_1_209' title='bbox 443 2880 619 2938; x_wconf 88' lang='lat' dir='ltr'>discessisset</span> <span class='ocrx_word' id='word_1_210' title='bbox 639 2880 749 2959; x_wconf 90' lang='lat' dir='ltr'>magnis</span> <span class='ocrx_word' id='word_1_211' title='bbox 769 2880 940 2956; x_wconf 92' lang='lat' dir='ltr'>quibusdam</span> <span class='ocrx_word' id='word_1_212' title='bbox 962 2880 1108 2947; x_wconf 70' lang='lat' dir='ltr'>imbribus</span> <span class='ocrx_word' id='word_1_213' title='bbox 1124 2878 1302 2939; x_wconf 85' lang='lat' dir='ltr'>descenditin</span> 
     </span>
     <span class='ocr_line' id='line_1_27' title="bbox 345 2968 1301 3047; baseline -0.001 -17"><span class='ocrx_word' id='word_1_214' title='bbox 345 2974 423 3030; x_wconf 90' lang='lat' dir='ltr'>illum</span> <span class='ocrx_word' id='word_1_215' title='bbox 442 2971 560 3038; x_wconf 89' lang='lat' dir='ltr'>hiatum,</span> <span class='ocrx_word' id='word_1_216' title='bbox 577 2989 741 3047; x_wconf 86' lang='lat' dir='ltr'>aeneumque</span> <span class='ocrx_word' id='word_1_217' title='bbox 756 2988 870 3045; x_wconf 88' lang='lat' dir='ltr'>equum,</span> <span class='ocrx_word' id='word_1_218' title='bbox 885 2977 918 3027; x_wconf 88' lang='lat' dir='ltr'>ut</span> <span class='ocrx_word' id='word_1_219' title='bbox 938 2971 1033 3027; x_wconf 89' lang='lat' dir='ltr'>ferunt</span> <span class='ocrx_word' id='word_1_220' title='bbox 1053 2970 1170 3037; x_wconf 86' lang='lat' dir='ltr'>fabulae,</span> <span class='ocrx_word' id='word_1_221' title='bbox 1187 2968 1301 3029; x_wconf 81' lang='lat' dir='ltr'>animad-</span> 
     </span>
     <span class='ocr_line' id='line_1_28' title="bbox 345 3060 1302 3140; baseline -0.002 -21"><span class='ocrx_word' id='word_1_222' title='bbox 345 3063 436 3129; x_wconf 86' lang='lat' dir='ltr'>vertit,</span> <span class='ocrx_word' id='word_1_223' title='bbox 453 3062 533 3140; x_wconf 87' lang='lat' dir='ltr'>cujus</span> <span class='ocrx_word' id='word_1_224' title='bbox 547 3061 576 3118; x_wconf 90' lang='lat' dir='ltr'>in</span> <span class='ocrx_word' id='word_1_225' title='bbox 589 3060 724 3119; x_wconf 88' lang='lat' dir='ltr'>lateribus</span> <span class='ocrx_word' id='word_1_226' title='bbox 738 3061 812 3117; x_wconf 86' lang='lat' dir='ltr'>fores</span> <span class='ocrx_word' id='word_1_227' title='bbox 827 3067 940 3118; x_wconf 88' lang='lat' dir='ltr'>essent:</span> <span class='ocrx_word' id='word_1_228' title='bbox 962 3061 1065 3137; x_wconf 92' lang='lat' dir='ltr'>quibus</span> <span class='ocrx_word' id='word_1_229' title='bbox 1086 3061 1194 3137; x_wconf 86' lang='lat' dir='ltr'>apertis</span> <span class='ocrx_word' id='word_1_230' title='bbox 1208 3076 1302 3138; x_wconf 79' lang='lat' dir='ltr'>corpus</span> 
     </span>
     <span class='ocr_line' id='line_1_29' title="bbox 345 3150 1301 3228; baseline 0 -19"><span class='ocrx_word' id='word_1_231' title='bbox 345 3151 464 3209; x_wconf 92' lang='lat' dir='ltr'>hominis</span> <span class='ocrx_word' id='word_1_232' title='bbox 478 3151 583 3208; x_wconf 90' lang='lat' dir='ltr'>mortui</span> <span class='ocrx_word' id='word_1_233' title='bbox 596 3151 665 3208; x_wconf 90' lang='lat' dir='ltr'>vidit</span> <span class='ocrx_word' id='word_1_234' title='bbox 679 3150 873 3228; x_wconf 86' lang='lat' dir='ltr'>magnitudine</span> <span class='ocrx_word' id='word_1_235' title='bbox 886 3150 1028 3216; x_wconf 88' lang='lat' dir='ltr'>inusitata,</span> <span class='ocrx_word' id='word_1_236' title='bbox 1039 3151 1217 3227; x_wconf 88' lang='lat' dir='ltr'>anulumque</span> <span class='ocrx_word' id='word_1_237' title='bbox 1230 3167 1301 3209; x_wconf 72' lang='lat' dir='ltr'>aure</span> 
     </span>
     <span class='ocr_line' id='line_1_30' title="bbox 345 3237 1302 3318; baseline 0 -20"><span class='ocrx_word' id='word_1_238' title='bbox 345 3262 394 3298; x_wconf 95' lang='lat' dir='ltr'>um</span> <span class='ocrx_word' id='word_1_239' title='bbox 408 3243 436 3299; x_wconf 93' lang='lat' dir='ltr'>in</span> <span class='ocrx_word' id='word_1_240' title='bbox 450 3240 556 3317; x_wconf 88' lang='lat' dir='ltr'>digito:</span> <span class='ocrx_word' id='word_1_241' title='bbox 578 3258 663 3315; x_wconf 91' lang='lat' dir='ltr'>quem</span> <span class='ocrx_word' id='word_1_242' title='bbox 684 3248 716 3298; x_wconf 93' lang='lat' dir='ltr'>ut</span> <span class='ocrx_word' id='word_1_243' title='bbox 737 3241 868 3307; x_wconf 87' lang='lat' dir='ltr'>detraxit,</span> <span class='ocrx_word' id='word_1_244' title='bbox 883 3240 944 3317; x_wconf 88' lang='lat' dir='ltr'>ipsc</span> <span class='ocrx_word' id='word_1_245' title='bbox 957 3240 1050 3297; x_wconf 91' lang='lat' dir='ltr'>induit</span> <span class='ocrx_word' id='word_1_246' title='bbox 1066 3237 1140 3318; x_wconf 84' lang='lat' dir='ltr'>(erat</span> <span class='ocrx_word' id='word_1_247' title='bbox 1154 3247 1252 3298; x_wconf 88' lang='lat' dir='ltr'>autern</span> <span class='ocrx_word' id='word_1_248' title='bbox 1264 3257 1302 3297; x_wconf 85' lang='lat' dir='ltr'>re·</span> 
     </span>
    </p>

    <p class='ocr_par' dir='ltr' id='par_1_9' title="bbox 313 3328 1347 3586">
     <span class='ocr_line' id='line_1_31' title="bbox 313 3328 1303 3409; baseline -0.001 -21"><span class='ocrx_word' id='word_1_249' title='bbox 313 3339 330 3388; x_wconf 85' lang='lat'><strong>2</strong></span> <span class='ocrx_word' id='word_1_250' title='bbox 345 3333 408 3409; x_wconf 89' lang='lat' dir='ltr'>gius</span> <span class='ocrx_word' id='word_1_251' title='bbox 423 3328 532 3407; x_wconf 89' lang='lat' dir='ltr'>pastor)</span> <span class='ocrx_word' id='word_1_252' title='bbox 547 3337 608 3385; x_wconf 91' lang='lat' dir='ltr'>tum</span> <span class='ocrx_word' id='word_1_253' title='bbox 624 3330 652 3385; x_wconf 92' lang='lat' dir='ltr'>in</span> <span class='ocrx_word' id='word_1_254' title='bbox 667 3331 813 3388; x_wconf 88' lang='lat' dir='ltr'>concilium</span> <span class='ocrx_word' id='word_1_255' title='bbox 829 3351 859 3389; x_wconf 91' lang='lat' dir='ltr'>se</span> <span class='ocrx_word' id='word_1_256' title='bbox 873 3338 1020 3409; x_wconf 90' lang='lat' dir='ltr'>pastorum</span> <span class='ocrx_word' id='word_1_257' title='bbox 1035 3330 1150 3407; x_wconf 87' lang='lat' dir='ltr'>recepit.</span> <span class='ocrx_word' id='word_1_258' title='bbox 1186 3331 1231 3390; x_wconf 90' lang='lat' dir='ltr'>Ibi</span> <span class='ocrx_word' id='word_1_259' title='bbox 1244 3347 1303 3388; x_wconf 88' lang='lat' dir='ltr'>cum</span> 
     </span>
     <span class='ocr_line' id='line_1_32' title="bbox 345 3418 1301 3497; baseline 0.001 -21"><span class='ocrx_word' id='word_1_260' title='bbox 345 3420 439 3497; x_wconf 89' lang='lat' dir='ltr'>palam</span> <span class='ocrx_word' id='word_1_261' title='bbox 461 3419 523 3496; x_wconf 85' lang='lat' dir='ltr'>ejus</span> <span class='ocrx_word' id='word_1_262' title='bbox 545 3418 620 3475; x_wconf 90' lang='lat' dir='ltr'>anuli</span> <span class='ocrx_word' id='word_1_263' title='bbox 634 3420 671 3476; x_wconf 93' lang='lat' dir='ltr'>ad</span> <span class='ocrx_word' id='word_1_264' title='bbox 685 3421 810 3496; x_wconf 87' lang='lat' dir='ltr'>palmam</span> <span class='ocrx_word' id='word_1_265' title='bbox 825 3427 1009 3488; x_wconf 85' lang='lat' dir='ltr'>converterat,</span> <span class='ocrx_word' id='word_1_266' title='bbox 1025 3420 1134 3478; x_wconf 90' lang='lat' dir='ltr'>anullo</span> <span class='ocrx_word' id='word_1_267' title='bbox 1149 3421 1301 3487; x_wconf 86' lang='lat' dir='ltr'>videbatur,</span> 
     </span>
     <span class='ocr_line' id='line_1_33' title="bbox 344 3468 1347 3586; baseline 0.001 -21"><span class='ocrx_word' id='word_1_268' title='bbox 344 3510 404 3586; x_wconf 89' lang='lat' dir='ltr'>ipse</span> <span class='ocrx_word' id='word_1_269' title='bbox 426 3514 521 3565; x_wconf 87' lang='lat' dir='ltr'>autem</span> <span class='ocrx_word' id='word_1_270' title='bbox 542 3508 635 3564; x_wconf 87' lang='lat' dir='ltr'>omnia</span> <span class='ocrx_word' id='word_1_271' title='bbox 648 3510 772 3569; x_wconf 89' lang='lat' dir='ltr'>videbat.</span> <span class='ocrx_word' id='word_1_272' title='bbox 814 3512 897 3569; x_wconf 90' lang='lat' dir='ltr'>Idem</span> <span class='ocrx_word' id='word_1_273' title='bbox 918 3531 1014 3568; x_wconf 87' lang='lat' dir='ltr'>rursus</span> <span class='ocrx_word' id='word_1_274' title='bbox 1028 3510 1186 3577; x_wconf 89' lang='lat' dir='ltr'>videbatur,</span> <span class='ocrx_word' id='word_1_275' title='bbox 1203 3509 1303 3569; x_wconf 90' lang='lat' dir='ltr'>cumin</span> <span class='ocrx_word' id='word_1_276' title='bbox 1345 3468 1347 3543; x_wconf 70' lang='lat' dir='ltr'>l</span> 
     </span>
    </p>

    <p class='ocr_par' dir='ltr' id='par_1_10' title="bbox 312 3598 1347 3948">
     <span class='ocr_line' id='line_1_34' title="bbox 312 3598 1347 3678; baseline 0.002 -22"><span class='ocrx_word' id='word_1_277' title='bbox 312 3599 437 3656; x_wconf 73' lang='lat' dir='ltr'>blocum</span> <span class='ocrx_word' id='word_1_278' title='bbox 459 3598 575 3654; x_wconf 90' lang='lat' dir='ltr'>anulum</span> <span class='ocrx_word' id='word_1_279' title='bbox 597 3599 757 3658; x_wconf 87' lang='lat' dir='ltr'>inverterat.</span> <span class='ocrx_word' id='word_1_280' title='bbox 800 3602 902 3678; x_wconf 87' lang='lat' dir='ltr'>Itaque</span> <span class='ocrx_word' id='word_1_281' title='bbox 924 3602 977 3659; x_wconf 90' lang='lat' dir='ltr'>hac</span> <span class='ocrx_word' id='word_1_282' title='bbox 1000 3601 1214 3678; x_wconf 86' lang='lat' dir='ltr'>opportunitate</span> <span class='ocrx_word' id='word_1_283' title='bbox 1233 3598 1304 3657; x_wconf 85' lang='lat' dir='ltr'>anuli</span> <span class='ocrx_word' id='word_1_284' title='bbox 1346 3622 1347 3647; x_wconf 61' lang='lat' dir='ltr'>r</span> 
     </span>
     <span class='ocr_line' id='line_1_35' title="bbox 343 3689 1347 3768; baseline 0.001 -23"><span class='ocrx_word' id='word_1_285' title='bbox 343 3708 419 3754; x_wconf 88' lang='lat' dir='ltr'>usus,</span> <span class='ocrx_word' id='word_1_286' title='bbox 439 3689 543 3766; x_wconf 89' lang='lat' dir='ltr'>reginae</span> <span class='ocrx_word' id='word_1_287' title='bbox 563 3697 694 3766; x_wconf 88' lang='lat' dir='ltr'>stuprum</span> <span class='ocrx_word' id='word_1_288' title='bbox 714 3690 817 3756; x_wconf 88' lang='lat' dir='ltr'>intulit,</span> <span class='ocrx_word' id='word_1_289' title='bbox 839 3711 929 3768; x_wconf 89' lang='lat' dir='ltr'>eaque</span> <span class='ocrx_word' id='word_1_290' title='bbox 949 3691 1087 3768; x_wconf 89' lang='lat' dir='ltr'>adjutrice</span> <span class='ocrx_word' id='word_1_291' title='bbox 1107 3708 1206 3767; x_wconf 90' lang='lat' dir='ltr'>regem</span> <span class='ocrx_word' id='word_1_292' title='bbox 1221 3689 1304 3748; x_wconf 92' lang='lat' dir='ltr'>domi·</span> <span class='ocrx_word' id='word_1_293' title='bbox 1346 3722 1347 3729; x_wconf 24' lang='grc' dir='ltr'><strong>κ</strong></span> 
     </span>
     <span class='ocr_line' id='line_1_36' title="bbox 344 3778 1305 3856; baseline 0.002 -21"><span class='ocrx_word' id='word_1_294' title='bbox 344 3798 412 3836; x_wconf 93' lang='lat' dir='ltr'>num</span> <span class='ocrx_word' id='word_1_295' title='bbox 425 3779 572 3845; x_wconf 89' lang='lat' dir='ltr'>interemit,</span> <span class='ocrx_word' id='word_1_296' title='bbox 588 3780 702 3836; x_wconf 90' lang='lat' dir='ltr'>sustulit</span> <span class='ocrx_word' id='word_1_297' title='bbox 717 3799 787 3856; x_wconf 89' lang='lat' dir='ltr'>quos</span> <span class='ocrx_word' id='word_1_298' title='bbox 802 3782 915 3838; x_wconf 90' lang='lat' dir='ltr'>obstare</span> <span class='ocrx_word' id='word_1_299' title='bbox 930 3781 1135 3838; x_wconf 89' lang='lat' dir='ltr'>arbitrabatur:</span> <span class='ocrx_word' id='word_1_300' title='bbox 1157 3798 1211 3838; x_wconf 92' lang='lat' dir='ltr'>nec</span> <span class='ocrx_word' id='word_1_301' title='bbox 1224 3780 1251 3837; x_wconf 93' lang='lat' dir='ltr'>in</span> <span class='ocrx_word' id='word_1_302' title='bbox 1264 3778 1305 3837; x_wconf 80' lang='lat' dir='ltr'>his</span> 
     </span>
     <span class='ocr_line' id='line_1_37' title="bbox 344 3867 1306 3948; baseline 0.001 -22"><span class='ocrx_word' id='word_1_303' title='bbox 344 3888 409 3927; x_wconf 92' lang='lat' dir='ltr'>eum</span> <span class='ocrx_word' id='word_1_304' title='bbox 422 3868 591 3926; x_wconf 88' lang='lat' dir='ltr'>facinoribus</span> <span class='ocrx_word' id='word_1_305' title='bbox 611 3870 758 3946; x_wconf 90' lang='lat' dir='ltr'>quisquam</span> <span class='ocrx_word' id='word_1_306' title='bbox 781 3870 874 3946; x_wconf 92' lang='lat' dir='ltr'>potuit</span> <span class='ocrx_word' id='word_1_307' title='bbox 887 3871 993 3930; x_wconf 85' lang='lat' dir='ltr'>videre.</span> <span class='ocrx_word' id='word_1_308' title='bbox 1035 3870 1082 3928; x_wconf 87' lang='lat' dir='ltr'>Sic</span> <span class='ocrx_word' id='word_1_309' title='bbox 1101 3877 1220 3948; x_wconf 89' lang='lat' dir='ltr'>repente</span> <span class='ocrx_word' id='word_1_310' title='bbox 1233 3867 1306 3927; x_wconf 89' lang='lat' dir='ltr'>anuli</span> 
     </span>
    </p>

    <p class='ocr_par' dir='ltr' id='par_1_11' title="bbox 311 3959 1305 4038">
     <span class='ocr_line' id='line_1_38' title="bbox 311 3959 1305 4038; baseline -0.001 -20"><span class='ocrx_word' id='word_1_311' title='bbox 311 3961 479 4019; x_wconf 80' lang='lat' dir='ltr'>4beneficio</span> <span class='ocrx_word' id='word_1_312' title='bbox 492 3976 542 4015; x_wconf 84' lang='lat' dir='ltr'>rex</span> <span class='ocrx_word' id='word_1_313' title='bbox 556 3967 670 4017; x_wconf 86' lang='lat' dir='ltr'>exortus</span> <span class='ocrx_word' id='word_1_314' title='bbox 684 3965 728 4016; x_wconf 90' lang='lat' dir='ltr'>est</span> <span class='ocrx_word' id='word_1_315' title='bbox 741 3959 853 4036; x_wconf 87' lang='lat' dir='ltr'>Lydiae.</span> <span class='ocrx_word' id='word_1_316' title='bbox 885 3962 970 4019; x_wconf 93' lang='lat' dir='ltr'>Hunc</span> <span class='ocrx_word' id='word_1_317' title='bbox 984 3960 1070 4038; x_wconf 84' lang='lat' dir='ltr'>igitur</span> <span class='ocrx_word' id='word_1_318' title='bbox 1082 3960 1177 4038; x_wconf 91' lang='lat' dir='ltr'>ipsum</span> <span class='ocrx_word' id='word_1_319' title='bbox 1191 3959 1305 4017; x_wconf 84' lang='lat' dir='ltr'>anulum</span> 
     </span>
    </p>
   </div>
   <div class='ocr_carea' id='block_1_3' title="bbox 0 0 1636 4775">
    <p class='ocr_par' dir='ltr' id='par_1_12' title="bbox 0 0 1636 4775">
     <span class='ocr_line' id='line_1_39' title="bbox 0 0 1636 4775; baseline 0 0"><span class='ocrx_word' id='word_1_320' title='bbox 0 0 1636 4775; x_wconf 95' lang='lat' dir='ltr'> </span> 
     </span>
    </p>
   </div>
  </div>
 </body>
</html>
