<?xml version="1.0" encoding="UTF-8"?>
<!DOCTYPE html PUBLIC "-//W3C//DTD XHTML 1.0 Transitional//EN"
    "http://www.w3.org/TR/xhtml1/DTD/xhtml1-transitional.dtd">
<html xmlns="http://www.w3.org/1999/xhtml" xml:lang="en" lang="en">
 <head>
  <title>
</title>
<meta http-equiv="Content-Type" content="text/html;charset=utf-8" />
  <meta name='ocr-system' content='tesseract 3.04.00' />
  <meta name='ocr-capabilities' content='ocr_page ocr_carea ocr_par ocr_line ocrx_word'/>
</head>
<body>
  <div class='ocr_page' id='page_1' title='image "./mtulliiciceroni00thacgoog_0019.png"; bbox 0 0 3259 4775; ppageno 0'>
   <div class='ocr_carea' id='block_1_1' title="bbox 657 584 1302 638">
    <p class='ocr_par' dir='ltr' id='par_1_1' title="bbox 657 584 1302 638">
     <span class='ocr_line' id='line_1_1' title="bbox 657 584 1302 638; baseline 0 -1"><span class='ocrx_word' id='word_1_1' title='bbox 657 597 743 637; x_wconf 82' lang='lat' dir='ltr'><strong>mans</strong></span> <span class='ocrx_word' id='word_1_2' title='bbox 756 598 776 637; x_wconf 91' lang='lat' dir='ltr'><strong>r.</strong></span> <span class='ocrx_word' id='word_1_3' title='bbox 818 597 885 638; x_wconf 71' lang='lat' dir='ltr'><strong>cur.</strong></span> <span class='ocrx_word' id='word_1_4' title='bbox 900 598 939 637; x_wconf 84' lang='lat' dir='ltr'><strong>rv.</strong></span> <span class='ocrx_word' id='word_1_5' title='bbox 1272 584 1302 637; x_wconf 90' lang='lat' dir='ltr'><strong>ll</strong></span> 
     </span>
    </p>
   </div>
   <div class='ocr_carea' id='block_1_2' title="bbox 279 727 1291 4061">
    <p class='ocr_par' dir='ltr' id='par_1_2' title="bbox 279 727 1291 4061">
     <span class='ocr_line' id='line_1_2' title="bbox 279 727 1255 807; baseline -0.001 -19"><span class='ocrx_word' id='word_1_6' title='bbox 279 749 315 789; x_wconf 84' lang='lat' dir='ltr'><strong>se</strong></span> <span class='ocrx_word' id='word_1_7' title='bbox 336 727 547 797; x_wconf 86' lang='lat' dir='ltr'><strong>accommodat,</strong></span> <span class='ocrx_word' id='word_1_8' title='bbox 561 728 679 807; x_wconf 87' lang='lat' dir='ltr'><strong>paulum</strong></span> <span class='ocrx_word' id='word_1_9' title='bbox 692 727 846 786; x_wconf 78' lang='lat' dir='ltr'><strong>admodum</strong></span> <span class='ocrx_word' id='word_1_10' title='bbox 862 728 984 787; x_wconf 89' lang='lat' dir='ltr'><strong>sentiens</strong></span> <span class='ocrx_word' id='word_1_11' title='bbox 1004 728 1180 806; x_wconf 84' lang='lat' dir='ltr'><strong>praeteritum</strong></span> <span class='ocrx_word' id='word_1_12' title='bbox 1203 736 1255 787; x_wconf 90' lang='lat' dir='ltr'><strong>aut</strong></span> 
     </span>
     <span class='ocr_line' id='line_1_3' title="bbox 280 818 1255 897; baseline -0.002 -19"><span class='ocrx_word' id='word_1_13' title='bbox 280 821 424 878; x_wconf 86' lang='lat' dir='ltr'><strong>futurum.</strong></span> <span class='ocrx_word' id='word_1_14' title='bbox 466 819 563 877; x_wconf 86' lang='lat' dir='ltr'>Homo</span> <span class='ocrx_word' id='word_1_15' title='bbox 593 824 698 897; x_wconf 86' lang='lat' dir='ltr'><strong>autem,</strong></span> <span class='ocrx_word' id='word_1_16' title='bbox 720 818 798 897; x_wconf 92' lang='lat' dir='ltr'><strong>quod</strong></span> <span class='ocrx_word' id='word_1_17' title='bbox 827 819 941 877; x_wconf 90' lang='lat' dir='ltr'><strong>rationis</strong></span> <span class='ocrx_word' id='word_1_18' title='bbox 963 826 1006 878; x_wconf 91' lang='lat' dir='ltr'><strong>est</strong></span> <span class='ocrx_word' id='word_1_19' title='bbox 1030 820 1180 897; x_wconf 83' lang='lat' dir='ltr'><strong>particeps,</strong></span> <span class='ocrx_word' id='word_1_20' title='bbox 1203 837 1255 897; x_wconf 92' lang='lat' dir='ltr'><strong>per</strong></span> 
     </span>
     <span class='ocr_line' id='line_1_4' title="bbox 281 909 1254 989; baseline -0.002 -20"><span class='ocrx_word' id='word_1_21' title='bbox 281 930 374 989; x_wconf 90' lang='lat' dir='ltr'><strong>quam</strong></span> <span class='ocrx_word' id='word_1_22' title='bbox 403 909 602 987; x_wconf 74' lang='lat' dir='ltr'><strong>consequentia</strong></span> <span class='ocrx_word' id='word_1_23' title='bbox 626 910 721 977; x_wconf 79' lang='lat' dir='ltr'><strong>cernit,</strong></span> <span class='ocrx_word' id='word_1_24' title='bbox 743 928 845 968; x_wconf 80' lang='lat' dir='ltr'><strong>causas</strong></span> <span class='ocrx_word' id='word_1_25' title='bbox 873 929 967 967; x_wconf 89' lang='lat' dir='ltr'><strong>rerum</strong></span> <span class='ocrx_word' id='word_1_26' title='bbox 990 910 1077 977; x_wconf 80' lang='lat' dir='ltr'><strong>videt,</strong></span> <span class='ocrx_word' id='word_1_27' title='bbox 1098 928 1254 987; x_wconf 89' lang='lat' dir='ltr'><strong>earumque</strong></span> 
     </span>
     <span class='ocr_line' id='line_1_5' title="bbox 282 999 1253 1079; baseline -0.001 -21"><span class='ocrx_word' id='word_1_28' title='bbox 282 1019 456 1079; x_wconf 88' lang='lat' dir='ltr'><strong>progressus</strong></span> <span class='ocrx_word' id='word_1_29' title='bbox 475 1007 505 1057; x_wconf 90' lang='lat' dir='ltr'><strong>et</strong></span> <span class='ocrx_word' id='word_1_30' title='bbox 524 1001 605 1077; x_wconf 87' lang='lat' dir='ltr'><strong>quasi</strong></span> <span class='ocrx_word' id='word_1_31' title='bbox 624 1000 831 1059; x_wconf 80' lang='lat' dir='ltr'><strong>antecessiones</strong></span> <span class='ocrx_word' id='word_1_32' title='bbox 850 1019 906 1057; x_wconf 91' lang='lat' dir='ltr'><strong>non</strong></span> <span class='ocrx_word' id='word_1_33' title='bbox 925 1000 1045 1078; x_wconf 90' lang='lat' dir='ltr'><strong>ignorat,</strong></span> <span class='ocrx_word' id='word_1_34' title='bbox 1060 999 1253 1059; x_wconf 83' lang='lat' dir='ltr'><strong>similitudines</strong></span> 
     </span>
     <span class='ocr_line' id='line_1_6' title="bbox 284 1089 1252 1169; baseline -0.003 -18"><span class='ocrx_word' id='word_1_35' title='bbox 284 1097 443 1169; x_wconf 87' lang='lat' dir='ltr'><strong>comparat,</strong></span> <span class='ocrx_word' id='word_1_36' title='bbox 457 1090 601 1167; x_wconf 86' lang='lat' dir='ltr'><strong>rebusque</strong></span> <span class='ocrx_word' id='word_1_37' title='bbox 621 1090 810 1169; x_wconf 87' lang='lat' dir='ltr'><strong>praesentibus</strong></span> <span class='ocrx_word' id='word_1_38' title='bbox 824 1089 958 1168; x_wconf 89' lang='lat' dir='ltr'><strong>adjungit</strong></span> <span class='ocrx_word' id='word_1_39' title='bbox 970 1097 1057 1167; x_wconf 88' lang='lat' dir='ltr'><strong>atque</strong></span> <span class='ocrx_word' id='word_1_40' title='bbox 1070 1090 1195 1149; x_wconf 83' lang='lat' dir='ltr'><strong>adnectit</strong></span> <span class='ocrx_word' id='word_1_41' title='bbox 1208 1090 1252 1148; x_wconf 85' lang='lat' dir='ltr'><strong>lu·</strong></span> 
     </span>
     <span class='ocr_line' id='line_1_7' title="bbox 284 1180 1252 1260; baseline -0.001 -21"><span class='ocrx_word' id='word_1_42' title='bbox 284 1189 368 1239; x_wconf 87' lang='lat' dir='ltr'><strong>turas</strong></span> <span class='ocrx_word' id='word_1_43' title='bbox 376 1200 384 1247; x_wconf 94' lang='lat'>;</span> <span class='ocrx_word' id='word_1_44' title='bbox 406 1181 487 1238; x_wconf 86' lang='lat' dir='ltr'><strong>facile</strong></span> <span class='ocrx_word' id='word_1_45' title='bbox 501 1180 590 1239; x_wconf 88' lang='lat' dir='ltr'><strong>totins</strong></span> <span class='ocrx_word' id='word_1_46' title='bbox 605 1181 672 1239; x_wconf 86' lang='lat' dir='ltr'><strong>vitae</strong></span> <span class='ocrx_word' id='word_1_47' title='bbox 687 1200 702 1239; x_wconf 93' lang='lat' dir='ltr'><strong>c</strong></span> <span class='ocrx_word' id='word_1_48' title='bbox 752 1200 801 1239; x_wconf 90' lang='lat' dir='ltr'><strong>um</strong></span> <span class='ocrx_word' id='word_1_49' title='bbox 811 1180 897 1248; x_wconf 87' lang='lat' dir='ltr'><strong>videt,</strong></span> <span class='ocrx_word' id='word_1_50' title='bbox 909 1181 947 1238; x_wconf 87' lang='lat' dir='ltr'><strong>ad</strong></span> <span class='ocrx_word' id='word_1_51' title='bbox 962 1199 1081 1257; x_wconf 89' lang='lat' dir='ltr'><strong>eamque</strong></span> <span class='ocrx_word' id='word_1_52' title='bbox 1091 1181 1252 1260; x_wconf 88' lang='lat' dir='ltr'><strong>degendam</strong></span> 
     </span>
     <span class='ocr_line' id='line_1_8' title="bbox 285 1270 1283 1350; baseline -0.001 -20"><span class='ocrx_word' id='word_1_53' title='bbox 285 1278 433 1350; x_wconf 86' lang='lat' dir='ltr'><strong>praeparat</strong></span> <span class='ocrx_word' id='word_1_54' title='bbox 453 1290 500 1328; x_wconf 86' lang='lat' dir='ltr'><strong>res</strong></span> <span class='ocrx_word' id='word_1_55' title='bbox 517 1289 635 1328; x_wconf 90' lang='lat' dir='ltr'><strong>necessa</strong></span> <span class='ocrx_word' id='word_1_56' title='bbox 650 1270 657 1283; x_wconf 69' lang='lat'><em>⁶</em></span> <span class='ocrx_word' id='word_1_57' title='bbox 740 1271 905 1349; x_wconf 89' lang='lat' dir='ltr'><strong>Eademque</strong></span> <span class='ocrx_word' id='word_1_58' title='bbox 919 1278 1020 1329; x_wconf 89' lang='lat' dir='ltr'><strong>natura</strong></span> <span class='ocrx_word' id='word_1_59' title='bbox 1034 1271 1061 1329; x_wconf 79' lang='lat' dir='ltr'><strong>vi</strong></span> <span class='ocrx_word' id='word_1_60' title='bbox 1074 1272 1189 1330; x_wconf 89' lang='lat' dir='ltr'><strong>rationis</strong></span> <span class='ocrx_word' id='word_1_61' title='bbox 1202 1272 1252 1330; x_wconf 82' lang='lat' dir='ltr'><strong>ho</strong></span> <span class='ocrx_word' id='word_1_62' title='bbox 1267 1277 1283 1329; x_wconf 83' lang='lat' dir='ltr'><strong>t</strong></span> 
     </span>
     <span class='ocr_line' id='line_1_9' title="bbox 284 1360 1252 1421; baseline -0.001 0"><span class='ocrx_word' id='word_1_63' title='bbox 284 1362 392 1421; x_wconf 91' lang='lat' dir='ltr'><strong>minem</strong></span> <span class='ocrx_word' id='word_1_64' title='bbox 411 1361 540 1419; x_wconf 87' lang='lat' dir='ltr'><strong>conciliat</strong></span> <span class='ocrx_word' id='word_1_65' title='bbox 560 1361 666 1419; x_wconf 93' lang='lat' dir='ltr'><strong>homini</strong></span> <span class='ocrx_word' id='word_1_66' title='bbox 685 1369 715 1420; x_wconf 89' lang='lat' dir='ltr'><strong>et</strong></span> <span class='ocrx_word' id='word_1_67' title='bbox 735 1360 773 1419; x_wconf 88' lang='lat' dir='ltr'><strong>ad</strong></span> <span class='ocrx_word' id='word_1_68' title='bbox 793 1362 926 1420; x_wconf 89' lang='lat' dir='ltr'><strong>orationis</strong></span> <span class='ocrx_word' id='word_1_69' title='bbox 946 1362 1026 1421; x_wconf 87' lang='lat' dir='ltr'><strong>etad</strong></span> <span class='ocrx_word' id='word_1_70' title='bbox 1046 1363 1114 1421; x_wconf 84' lang='lat' dir='ltr'><strong>ritae</strong></span> <span class='ocrx_word' id='word_1_71' title='bbox 1135 1362 1252 1420; x_wconf 88' lang='lat' dir='ltr'><strong>societa-</strong></span> 
     </span>
     <span class='ocr_line' id='line_1_10' title="bbox 285 1451 1254 1531; baseline -0.003 -19"><span class='ocrx_word' id='word_1_72' title='bbox 285 1463 355 1521; x_wconf 89' lang='lat' dir='ltr'><strong>tem,</strong></span> <span class='ocrx_word' id='word_1_73' title='bbox 369 1453 571 1531; x_wconf 83' lang='lat' dir='ltr'><strong>ingeneratque</strong></span> <span class='ocrx_word' id='word_1_74' title='bbox 589 1451 619 1509; x_wconf 94' lang='lat' dir='ltr'><strong>in</strong></span> <span class='ocrx_word' id='word_1_75' title='bbox 640 1452 737 1529; x_wconf 90' lang='lat' dir='ltr'><strong>primis</strong></span> <span class='ocrx_word' id='word_1_76' title='bbox 758 1453 934 1530; x_wconf 86' lang='lat' dir='ltr'><strong>praecipuum</strong></span> <span class='ocrx_word' id='word_1_77' title='bbox 953 1452 1106 1530; x_wconf 86' lang='lat' dir='ltr'><strong>quemdam</strong></span> <span class='ocrx_word' id='word_1_78' title='bbox 1126 1472 1254 1511; x_wconf 87' lang='lat' dir='ltr'><strong>amorem</strong></span> 
     </span>
     <span class='ocr_line' id='line_1_11' title="bbox 284 1542 1254 1620; baseline 0.001 -19"><span class='ocrx_word' id='word_1_79' title='bbox 284 1544 314 1602; x_wconf 93' lang='lat' dir='ltr'><strong>in</strong></span> <span class='ocrx_word' id='word_1_80' title='bbox 334 1562 393 1610; x_wconf 89' lang='lat' dir='ltr'><strong>eos,</strong></span> <span class='ocrx_word' id='word_1_81' title='bbox 407 1542 456 1620; x_wconf 94' lang='lat' dir='ltr'><strong>qui</strong></span> <span class='ocrx_word' id='word_1_82' title='bbox 476 1543 617 1620; x_wconf 87' lang='lat' dir='ltr'><strong>procreati</strong></span> <span class='ocrx_word' id='word_1_83' title='bbox 637 1549 713 1610; x_wconf 90' lang='lat' dir='ltr'><strong>sunt,</strong></span> <span class='ocrx_word' id='word_1_84' title='bbox 734 1542 919 1620; x_wconf 90' lang='lat' dir='ltr'><strong>impellitque,</strong></span> <span class='ocrx_word' id='word_1_85' title='bbox 941 1551 974 1601; x_wconf 92' lang='lat' dir='ltr'><strong>ut</strong></span> <span class='ocrx_word' id='word_1_86' title='bbox 994 1544 1140 1602; x_wconf 92' lang='lat' dir='ltr'><strong>hominum</strong></span> <span class='ocrx_word' id='word_1_87' title='bbox 1161 1550 1254 1602; x_wconf 89' lang='lat' dir='ltr'><strong>coetus</strong></span> 
     </span>
     <span class='ocr_line' id='line_1_12' title="bbox 284 1633 1254 1712; baseline 0.001 -20"><span class='ocrx_word' id='word_1_88' title='bbox 284 1642 315 1692; x_wconf 93' lang='lat' dir='ltr'><strong>et</strong></span> <span class='ocrx_word' id='word_1_89' title='bbox 336 1633 539 1692; x_wconf 78' lang='lat' dir='ltr'><strong>celebrationes</strong></span> <span class='ocrx_word' id='word_1_90' title='bbox 559 1640 588 1691; x_wconf 95' lang='lat' dir='ltr'><strong>et</strong></span> <span class='ocrx_word' id='word_1_91' title='bbox 602 1652 672 1701; x_wconf 88' lang='lat' dir='ltr'><strong>esse,</strong></span> <span class='ocrx_word' id='word_1_92' title='bbox 688 1640 718 1691; x_wconf 89' lang='lat' dir='ltr'><strong>et</strong></span> <span class='ocrx_word' id='word_1_93' title='bbox 731 1653 749 1691; x_wconf 91' lang='lat' dir='ltr'><strong>a</strong></span> <span class='ocrx_word' id='word_1_94' title='bbox 762 1651 793 1692; x_wconf 93' lang='lat' dir='ltr'><strong>se</strong></span> <span class='ocrx_word' id='word_1_95' title='bbox 807 1634 877 1692; x_wconf 87' lang='lat' dir='ltr'><strong>obiri</strong></span> <span class='ocrx_word' id='word_1_96' title='bbox 891 1634 967 1702; x_wconf 86' lang='lat' dir='ltr'><strong>velit,</strong></span> <span class='ocrx_word' id='word_1_97' title='bbox 982 1633 1020 1694; x_wconf 92' lang='lat' dir='ltr'><strong>ob</strong></span> <span class='ocrx_word' id='word_1_98' title='bbox 1033 1653 1139 1712; x_wconf 84' lang='lat' dir='ltr'><strong>easque</strong></span> <span class='ocrx_word' id='word_1_99' title='bbox 1152 1653 1254 1693; x_wconf 88' lang='lat' dir='ltr'><strong>causas</strong></span> 
     </span>
     <span class='ocr_line' id='line_1_13' title="bbox 284 1723 1253 1801; baseline 0 -18"><span class='ocrx_word' id='word_1_100' title='bbox 284 1724 402 1783; x_wconf 88' lang='lat' dir='ltr'><strong>studeat</strong></span> <span class='ocrx_word' id='word_1_101' title='bbox 429 1742 530 1801; x_wconf 87' lang='lat' dir='ltr'><strong>parare</strong></span> <span class='ocrx_word' id='word_1_102' title='bbox 553 1742 596 1791; x_wconf 89' lang='lat' dir='ltr'><strong>ea,</strong></span> <span class='ocrx_word' id='word_1_103' title='bbox 618 1743 683 1801; x_wconf 88' lang='lat' dir='ltr'><strong>quae</strong></span> <span class='ocrx_word' id='word_1_104' title='bbox 706 1723 892 1801; x_wconf 88' lang='lat' dir='ltr'><strong>suppeditent</strong></span> <span class='ocrx_word' id='word_1_105' title='bbox 918 1731 948 1781; x_wconf 92' lang='lat' dir='ltr'><strong>et</strong></span> <span class='ocrx_word' id='word_1_106' title='bbox 974 1723 1012 1782; x_wconf 89' lang='lat' dir='ltr'><strong>ad</strong></span> <span class='ocrx_word' id='word_1_107' title='bbox 1033 1724 1142 1782; x_wconf 89' lang='lat' dir='ltr'><strong>cultum</strong></span> <span class='ocrx_word' id='word_1_108' title='bbox 1163 1732 1193 1782; x_wconf 92' lang='lat' dir='ltr'><strong>et</strong></span> <span class='ocrx_word' id='word_1_109' title='bbox 1216 1724 1253 1783; x_wconf 88' lang='lat' dir='ltr'><strong>ad</strong></span> 
     </span>
     <span class='ocr_line' id='line_1_14' title="bbox 285 1813 1254 1891; baseline -0.002 -18"><span class='ocrx_word' id='word_1_110' title='bbox 285 1815 403 1881; x_wconf 88' lang='lat' dir='ltr'><strong>victum,</strong></span> <span class='ocrx_word' id='word_1_111' title='bbox 426 1832 478 1871; x_wconf 87' lang='lat' dir='ltr'><strong>nee</strong></span> <span class='ocrx_word' id='word_1_112' title='bbox 498 1813 551 1872; x_wconf 90' lang='lat' dir='ltr'><strong>sibi</strong></span> <span class='ocrx_word' id='word_1_113' title='bbox 566 1814 631 1882; x_wconf 85' lang='lat' dir='ltr'><strong>¹soli,</strong></span> <span class='ocrx_word' id='word_1_114' title='bbox 655 1814 706 1872; x_wconf 89' lang='lat' dir='ltr'><strong>sed</strong></span> <span class='ocrx_word' id='word_1_115' title='bbox 727 1814 852 1891; x_wconf 84' lang='lat' dir='ltr'><strong>conjugi,</strong></span> <span class='ocrx_word' id='word_1_116' title='bbox 872 1813 975 1881; x_wconf 87' lang='lat' dir='ltr'><strong>liberis,</strong></span> <span class='ocrx_word' id='word_1_117' title='bbox 998 1814 1163 1891; x_wconf 89' lang='lat' dir='ltr'><strong>ceterisque,</strong></span> <span class='ocrx_word' id='word_1_118' title='bbox 1181 1832 1254 1891; x_wconf 91' lang='lat' dir='ltr'><strong>quos</strong></span> 
     </span>
     <span class='ocr_line' id='line_1_15' title="bbox 285 1893 1254 1986; baseline -0.003 -22"><span class='ocrx_word' id='word_1_119' title='bbox 285 1924 367 1965; x_wconf 87' lang='lat' dir='ltr'><strong>caros</strong></span> <span class='ocrx_word' id='word_1_120' title='bbox 387 1904 493 1961; x_wconf 83' lang='lat' dir='ltr'><strong>habeat</strong></span> <span class='ocrx_word' id='word_1_121' title='bbox 512 1903 642 1981; x_wconf 91' lang='lat' dir='ltr'><strong>tuerique</strong></span> <span class='ocrx_word' id='word_1_122' title='bbox 662 1893 808 1986; x_wconf 56' lang='lat' dir='ltr'><strong>debeat!</strong></span> <span class='ocrx_word' id='word_1_123' title='bbox 819 1904 892 1972; x_wconf 81' lang='lat' dir='ltr'><strong>Quae</strong></span> <span class='ocrx_word' id='word_1_124' title='bbox 913 1921 981 1960; x_wconf 89' lang='lat' dir='ltr'><strong>cura</strong></span> <span class='ocrx_word' id='word_1_125' title='bbox 1001 1904 1156 1962; x_wconf 88' lang='lat' dir='ltr'><strong>exsuscitat</strong></span> <span class='ocrx_word' id='word_1_126' title='bbox 1169 1904 1254 1962; x_wconf 91' lang='lat' dir='ltr'><strong>etiam</strong></span> 
     </span>
     <span class='ocr_line' id='line_1_16' title="bbox 284 1993 1286 2073; baseline 0.001 -19"><span class='ocrx_word' id='word_1_127' title='bbox 284 1995 396 2054; x_wconf 88' lang='lat' dir='ltr'><strong>animos</strong></span> <span class='ocrx_word' id='word_1_128' title='bbox 419 2000 449 2051; x_wconf 92' lang='lat' dir='ltr'><strong>et</strong></span> <span class='ocrx_word' id='word_1_129' title='bbox 472 1994 595 2072; x_wconf 89' lang='lat' dir='ltr'><strong>majores</strong></span> <span class='ocrx_word' id='word_1_130' title='bbox 614 1993 652 2052; x_wconf 89' lang='lat' dir='ltr'><strong>ad</strong></span> <span class='ocrx_word' id='word_1_131' title='bbox 672 2013 733 2052; x_wconf 90' lang='lat' dir='ltr'><strong>rem</strong></span> <span class='ocrx_word' id='word_1_132' title='bbox 752 1994 909 2073; x_wconf 88' lang='lat' dir='ltr'><strong>gerendam</strong></span> <span class='ocrx_word' id='word_1_133' title='bbox 929 1994 1005 2053; x_wconf 85' lang='lat' dir='ltr'><strong>facit</strong></span> <span class='ocrx_word' id='word_1_134' title='bbox 1102 1994 1286 2073; x_wconf 78' lang='lat' dir='ltr'><strong>primisqued</strong></span> 
     </span>
     <span class='ocr_line' id='line_1_17' title="bbox 284 2075 1255 2164; baseline 0.001 -20"><span class='ocrx_word' id='word_1_135' title='bbox 284 2084 407 2144; x_wconf 87' lang='lat' dir='ltr'><strong>hominis</strong></span> <span class='ocrx_word' id='word_1_136' title='bbox 421 2090 466 2142; x_wconf 87' lang='lat' dir='ltr'><strong>cst</strong></span> <span class='ocrx_word' id='word_1_137' title='bbox 475 2084 590 2163; x_wconf 90' lang='lat' dir='ltr'><strong>propria</strong></span> <span class='ocrx_word' id='word_1_138' title='bbox 600 2084 659 2142; x_wconf 87' lang='lat' dir='ltr'><strong>veri</strong></span> <span class='ocrx_word' id='word_1_139' title='bbox 672 2084 813 2161; x_wconf 91' lang='lat' dir='ltr'><strong>inquisitio</strong></span> <span class='ocrx_word' id='word_1_140' title='bbox 827 2092 914 2162; x_wconf 88' lang='lat' dir='ltr'><strong>atque</strong></span> <span class='ocrx_word' id='word_1_141' title='bbox 924 2084 1023 2143; x_wconf 76' lang='lat' dir='ltr'><strong>investi</strong></span> <span class='ocrx_word' id='word_1_142' title='bbox 1045 2075 1048 2080; x_wconf 65' lang='grc'><strong>’</strong></span> <span class='ocrx_word' id='word_1_143' title='bbox 1062 2086 1110 2145; x_wconf 92' lang='lat' dir='ltr'><strong>tio.</strong></span> <span class='ocrx_word' id='word_1_144' title='bbox 1152 2086 1255 2164; x_wconf 89' lang='lat' dir='ltr'><strong>Itaque</strong></span> 
     </span>
     <span class='ocr_line' id='line_1_18' title="bbox 284 2174 1255 2253; baseline 0 -19"><span class='ocrx_word' id='word_1_145' title='bbox 284 2196 353 2234; x_wconf 91' lang='lat' dir='ltr'><strong>cum</strong></span> <span class='ocrx_word' id='word_1_146' title='bbox 366 2193 466 2232; x_wconf 88' lang='lat' dir='ltr'><strong>sumus</strong></span> <span class='ocrx_word' id='word_1_147' title='bbox 485 2174 649 2232; x_wconf 88' lang='lat' dir='ltr'><strong>necessariis</strong></span> <span class='ocrx_word' id='word_1_148' title='bbox 668 2175 788 2252; x_wconf 89' lang='lat' dir='ltr'><strong>negotiis</strong></span> <span class='ocrx_word' id='word_1_149' title='bbox 809 2176 940 2253; x_wconf 93' lang='lat' dir='ltr'><strong>curisque</strong></span> <span class='ocrx_word' id='word_1_150' title='bbox 954 2176 1044 2244; x_wconf 86' lang='lat' dir='ltr'><strong>vacui,</strong></span> <span class='ocrx_word' id='word_1_151' title='bbox 1059 2183 1121 2234; x_wconf 91' lang='lat' dir='ltr'><strong>tum</strong></span> <span class='ocrx_word' id='word_1_152' title='bbox 1139 2195 1255 2235; x_wconf 89' lang='lat' dir='ltr'><strong>avemus</strong></span> 
     </span>
     <span class='ocr_line' id='line_1_19' title="bbox 283 2264 1255 2344; baseline 0 -19"><span class='ocrx_word' id='word_1_153' title='bbox 283 2264 393 2343; x_wconf 87' lang='lat' dir='ltr'><strong>aliquid</strong></span> <span class='ocrx_word' id='word_1_154' title='bbox 405 2264 510 2332; x_wconf 85' lang='lat' dir='ltr'><strong>videre,</strong></span> <span class='ocrx_word' id='word_1_155' title='bbox 526 2264 634 2333; x_wconf 89' lang='lat' dir='ltr'><strong>audire,</strong></span> <span class='ocrx_word' id='word_1_156' title='bbox 649 2264 813 2323; x_wconf 87' lang='lat' dir='ltr'><strong>addiscere:</strong></span> <span class='ocrx_word' id='word_1_157' title='bbox 837 2265 1082 2344; x_wconf 83' lang='lat' dir='ltr'><strong>cognitionemque</strong></span> <span class='ocrx_word' id='word_1_158' title='bbox 1096 2285 1189 2324; x_wconf 91' lang='lat' dir='ltr'><strong>rerum</strong></span> <span class='ocrx_word' id='word_1_159' title='bbox 1204 2276 1255 2325; x_wconf 88' lang='lat' dir='ltr'><strong>aut</strong></span> 
     </span>
     <span class='ocr_line' id='line_1_20' title="bbox 283 2355 1254 2417; baseline -0.001 0"><span class='ocrx_word' id='word_1_160' title='bbox 283 2357 464 2417; x_wconf 87' lang='lat' dir='ltr'><strong>occultarum</strong></span> <span class='ocrx_word' id='word_1_161' title='bbox 475 2362 525 2414; x_wconf 88' lang='lat' dir='ltr'><strong>aut</strong></span> <span class='ocrx_word' id='word_1_162' title='bbox 535 2355 740 2414; x_wconf 88' lang='lat' dir='ltr'><strong>admirabilium</strong></span> <span class='ocrx_word' id='word_1_163' title='bbox 755 2356 792 2414; x_wconf 91' lang='lat' dir='ltr'><strong>ad</strong></span> <span class='ocrx_word' id='word_1_164' title='bbox 807 2356 890 2415; x_wconf 88' lang='lat' dir='ltr'><strong>beate</strong></span> <span class='ocrx_word' id='word_1_165' title='bbox 903 2356 1055 2415; x_wconf 84' lang='lat' dir='ltr'><strong>vivendum</strong></span> <span class='ocrx_word' id='word_1_166' title='bbox 1067 2357 1254 2416; x_wconf 89' lang='lat' dir='ltr'><strong>necessariam</strong></span> 
     </span>
     <span class='ocr_line' id='line_1_21' title="bbox 284 2447 1254 2526; baseline 0 -20"><span class='ocrx_word' id='word_1_167' title='bbox 284 2447 426 2507; x_wconf 87' lang='lat' dir='ltr'><strong>ducimus.</strong></span> <span class='ocrx_word' id='word_1_168' title='bbox 467 2447 513 2504; x_wconf 87' lang='lat' dir='ltr'><strong>Ex</strong></span> <span class='ocrx_word' id='word_1_169' title='bbox 532 2465 589 2524; x_wconf 93' lang='lat' dir='ltr'><strong>quo</strong></span> <span class='ocrx_word' id='word_1_170' title='bbox 617 2447 790 2525; x_wconf 84' lang='lat' dir='ltr'><strong>intelligitur,</strong></span> <span class='ocrx_word' id='word_1_171' title='bbox 815 2448 894 2525; x_wconf 93' lang='lat' dir='ltr'><strong>quod</strong></span> <span class='ocrx_word' id='word_1_172' title='bbox 922 2466 1028 2515; x_wconf 89' lang='lat' dir='ltr'><strong>verum,</strong></span> <span class='ocrx_word' id='word_1_173' title='bbox 1052 2448 1172 2526; x_wconf 87' lang='lat' dir='ltr'><strong>simplex</strong></span> <span class='ocrx_word' id='word_1_174' title='bbox 1199 2448 1254 2506; x_wconf 87' lang='lat' dir='ltr'><strong>sin·</strong></span> 
     </span>
     <span class='ocr_line' id='line_1_22' title="bbox 284 2536 1287 2615; baseline -0.002 -17"><span class='ocrx_word' id='word_1_175' title='bbox 284 2557 440 2615; x_wconf 83' lang='lat' dir='ltr'><strong>carumque</strong></span> <span class='ocrx_word' id='word_1_176' title='bbox 460 2537 505 2605; x_wconf 91' lang='lat' dir='ltr'><strong>sit,</strong></span> <span class='ocrx_word' id='word_1_177' title='bbox 525 2536 556 2594; x_wconf 94' lang='lat' dir='ltr'><strong>id</strong></span> <span class='ocrx_word' id='word_1_178' title='bbox 575 2556 638 2595; x_wconf 86' lang='lat' dir='ltr'><strong>esse</strong></span> <span class='ocrx_word' id='word_1_179' title='bbox 665 2544 776 2596; x_wconf 78' lang='lat' dir='ltr'><strong>naturae</strong></span> <span class='ocrx_word' id='word_1_180' title='bbox 804 2538 924 2596; x_wconf 90' lang='lat' dir='ltr'><strong>hominis</strong></span> <span class='ocrx_word' id='word_1_181' title='bbox 952 2537 1138 2615; x_wconf 85' lang='lat' dir='ltr'><strong>aptissimum.</strong></span> <span class='ocrx_word' id='word_1_182' title='bbox 1180 2538 1287 2596; x_wconf 77' lang='lat' dir='ltr'><strong>Huicd</strong></span> 
     </span>
     <span class='ocr_line' id='line_1_23' title="bbox 283 2627 1254 2709; baseline -0.003 -21"><span class='ocrx_word' id='word_1_183' title='bbox 283 2628 346 2688; x_wconf 83' lang='lat' dir='ltr'><strong>veri</strong></span> <span class='ocrx_word' id='word_1_184' title='bbox 358 2627 474 2686; x_wconf 85' lang='lat' dir='ltr'><strong>videndi</strong></span> <span class='ocrx_word' id='word_1_185' title='bbox 488 2627 636 2705; x_wconf 88' lang='lat' dir='ltr'><strong>cupiditati</strong></span> <span class='ocrx_word' id='word_1_186' title='bbox 656 2627 794 2705; x_wconf 83' lang='lat' dir='ltr'><strong>adjuncta</strong></span> <span class='ocrx_word' id='word_1_187' title='bbox 808 2635 853 2686; x_wconf 89' lang='lat' dir='ltr'><strong>est</strong></span> <span class='ocrx_word' id='word_1_188' title='bbox 865 2629 1004 2707; x_wconf 85' lang='lat' dir='ltr'><strong>appetitio</strong></span> <span class='ocrx_word' id='word_1_189' title='bbox 1024 2628 1158 2706; x_wconf 83' lang='lat' dir='ltr'><strong>quaedam</strong></span> <span class='ocrx_word' id='word_1_190' title='bbox 1178 2628 1254 2709; x_wconf 91' lang='lat' dir='ltr'><strong>prin-</strong></span> 
     </span>
     <span class='ocr_line' id='line_1_24' title="bbox 281 2717 1256 2809; baseline 0.002 -34"><span class='ocrx_word' id='word_1_191' title='bbox 281 2720 407 2809; x_wconf 62' lang='lat' dir='ltr'><em>Q</em></span> <span class='ocrx_word' id='word_1_192' title='bbox 422 2725 456 2775; x_wconf 92' lang='lat' dir='ltr'><strong>ut</strong></span> <span class='ocrx_word' id='word_1_193' title='bbox 474 2717 577 2776; x_wconf 91' lang='lat' dir='ltr'><strong>nemini</strong></span> <span class='ocrx_word' id='word_1_194' title='bbox 598 2736 697 2795; x_wconf 88' lang='lat' dir='ltr'><strong>parere</strong></span> <span class='ocrx_word' id='word_1_195' title='bbox 718 2718 829 2776; x_wconf 89' lang='lat' dir='ltr'><strong>animus</strong></span> <span class='ocrx_word' id='word_1_196' title='bbox 850 2721 922 2778; x_wconf 92' lang='lat' dir='ltr'><strong>bene</strong></span> <span class='ocrx_word' id='word_1_197' title='bbox 943 2719 1110 2777; x_wconf 84' lang='lat' dir='ltr'><strong>informatus</strong></span> <span class='ocrx_word' id='word_1_198' title='bbox 1123 2737 1141 2775; x_wconf 88' lang='lat' dir='ltr'><strong>a</strong></span> <span class='ocrx_word' id='word_1_199' title='bbox 1154 2725 1256 2777; x_wconf 87' lang='lat' dir='ltr'><strong>natura</strong></span> 
     </span>
     <span class='ocr_line' id='line_1_25' title="bbox 285 2808 1256 2887; baseline -0.001 -19"><span class='ocrx_word' id='word_1_200' title='bbox 285 2809 364 2877; x_wconf 86' lang='lat' dir='ltr'><strong>velit,</strong></span> <span class='ocrx_word' id='word_1_201' title='bbox 379 2808 432 2866; x_wconf 91' lang='lat' dir='ltr'><strong>nisi</strong></span> <span class='ocrx_word' id='word_1_202' title='bbox 452 2808 633 2887; x_wconf 70' lang='lat' dir='ltr'><strong>precipienti,</strong></span> <span class='ocrx_word' id='word_1_203' title='bbox 648 2816 699 2867; x_wconf 91' lang='lat' dir='ltr'><strong>aut</strong></span> <span class='ocrx_word' id='word_1_204' title='bbox 719 2808 840 2878; x_wconf 92' lang='lat' dir='ltr'><strong>docenti,</strong></span> <span class='ocrx_word' id='word_1_205' title='bbox 857 2817 909 2868; x_wconf 88' lang='lat' dir='ltr'><strong>aut</strong></span> <span class='ocrx_word' id='word_1_206' title='bbox 932 2809 1061 2868; x_wconf 81' lang='lat' dir='ltr'><strong>utilitatis</strong></span> <span class='ocrx_word' id='word_1_207' title='bbox 1076 2827 1163 2867; x_wconf 87' lang='lat' dir='ltr'><strong>causa</strong></span> <span class='ocrx_word' id='word_1_208' title='bbox 1178 2810 1256 2886; x_wconf 86' lang='lat' dir='ltr'><strong>juste</strong></span> 
     </span>
     <span class='ocr_line' id='line_1_26' title="bbox 284 2898 1255 2978; baseline -0.002 -20"><span class='ocrx_word' id='word_1_209' title='bbox 284 2906 317 2958; x_wconf 89' lang='lat' dir='ltr'><strong>ct</strong></span> <span class='ocrx_word' id='word_1_210' title='bbox 336 2898 462 2977; x_wconf 84' lang='lat' dir='ltr'><strong>legitime</strong></span> <span class='ocrx_word' id='word_1_211' title='bbox 480 2899 647 2976; x_wconf 86' lang='lat' dir='ltr'><strong>imperanti:</strong></span> <span class='ocrx_word' id='word_1_212' title='bbox 669 2918 705 2957; x_wconf 90' lang='lat' dir='ltr'><strong>ex</strong></span> <span class='ocrx_word' id='word_1_213' title='bbox 725 2918 782 2977; x_wconf 93' lang='lat' dir='ltr'><strong>quo</strong></span> <span class='ocrx_word' id='word_1_214' title='bbox 802 2900 971 2978; x_wconf 86' lang='lat' dir='ltr'><strong>magnitudo</strong></span> <span class='ocrx_word' id='word_1_215' title='bbox 991 2899 1075 2956; x_wconf 89' lang='lat' dir='ltr'><strong>animi</strong></span> <span class='ocrx_word' id='word_1_216' title='bbox 1096 2898 1190 2956; x_wconf 82' lang='lat' dir='ltr'><strong>existit</strong></span> <span class='ocrx_word' id='word_1_217' title='bbox 1203 2899 1255 2956; x_wconf 92' lang='lat' dir='ltr'><strong>hu·</strong></span> 
     </span>
     <span class='ocr_line' id='line_1_27' title="bbox 285 2988 1288 3068; baseline -0.002 -20"><span class='ocrx_word' id='word_1_218' title='bbox 285 3007 492 3066; x_wconf 88' lang='lat' dir='ltr'><strong>manarumque</strong></span> <span class='ocrx_word' id='word_1_219' title='bbox 514 3008 611 3049; x_wconf 89' lang='lat' dir='ltr'><strong>rerum</strong></span> <span class='ocrx_word' id='word_1_220' title='bbox 635 2989 814 3068; x_wconf 90' lang='lat' dir='ltr'><strong>contemptio.</strong></span> <span class='ocrx_word' id='word_1_221' title='bbox 857 2990 919 3048; x_wconf 87' lang='lat' dir='ltr'><strong>Nec</strong></span> <span class='ocrx_word' id='word_1_222' title='bbox 943 3007 1011 3046; x_wconf 88' lang='lat' dir='ltr'><strong>vero</strong></span> <span class='ocrx_word' id='word_1_223' title='bbox 1034 2989 1083 3044; x_wconf 90' lang='lat' dir='ltr'><strong>illa</strong></span> <span class='ocrx_word' id='word_1_224' title='bbox 1106 3006 1195 3063; x_wconf 79' lang='lat' dir='ltr'><strong>parva</strong></span> <span class='ocrx_word' id='word_1_225' title='bbox 1215 2988 1288 3046; x_wconf 82' lang='lat' dir='ltr'><strong>vis&#39;l</strong></span> 
     </span>
     <span class='ocr_line' id='line_1_28' title="bbox 286 3077 1258 3158; baseline -0.001 -20"><span class='ocrx_word' id='word_1_226' title='bbox 286 3086 399 3138; x_wconf 86' lang='lat' dir='ltr'><strong>naturae</strong></span> <span class='ocrx_word' id='word_1_227' title='bbox 418 3086 463 3139; x_wconf 82' lang='lat' dir='ltr'><strong>ast</strong></span> <span class='ocrx_word' id='word_1_228' title='bbox 479 3078 659 3158; x_wconf 84' lang='lat' dir='ltr'><strong>rationisque,</strong></span> <span class='ocrx_word' id='word_1_229' title='bbox 683 3081 761 3158; x_wconf 94' lang='lat' dir='ltr'><strong>quod</strong></span> <span class='ocrx_word' id='word_1_230' title='bbox 781 3099 871 3137; x_wconf 91' lang='lat' dir='ltr'><strong>unum</strong></span> <span class='ocrx_word' id='word_1_231' title='bbox 890 3079 945 3136; x_wconf 90' lang='lat' dir='ltr'><strong>boc</strong></span> <span class='ocrx_word' id='word_1_232' title='bbox 960 3077 1063 3135; x_wconf 87' lang='lat' dir='ltr'><strong>animal</strong></span> <span class='ocrx_word' id='word_1_233' title='bbox 1081 3077 1174 3145; x_wconf 90' lang='lat' dir='ltr'><strong>sentit,</strong></span> <span class='ocrx_word' id='word_1_234' title='bbox 1189 3078 1258 3156; x_wconf 92' lang='lat' dir='ltr'><strong>quid</strong></span> 
     </span>
     <span class='ocr_line' id='line_1_29' title="bbox 286 3168 1270 3247; baseline 0 -18"><span class='ocrx_word' id='word_1_235' title='bbox 286 3171 325 3229; x_wconf 86' lang='lat' dir='ltr'><strong>sit</strong></span> <span class='ocrx_word' id='word_1_236' title='bbox 344 3169 424 3237; x_wconf 90' lang='lat' dir='ltr'><strong>ordo,</strong></span> <span class='ocrx_word' id='word_1_237' title='bbox 439 3168 508 3247; x_wconf 92' lang='lat' dir='ltr'><strong>quid</strong></span> <span class='ocrx_word' id='word_1_238' title='bbox 521 3169 566 3238; x_wconf 89' lang='lat' dir='ltr'><strong>sit,</strong></span> <span class='ocrx_word' id='word_1_239' title='bbox 580 3170 659 3247; x_wconf 91' lang='lat' dir='ltr'><strong>quod</strong></span> <span class='ocrx_word' id='word_1_240' title='bbox 678 3171 788 3238; x_wconf 88' lang='lat' dir='ltr'><strong>deceat,</strong></span> <span class='ocrx_word' id='word_1_241' title='bbox 802 3169 831 3227; x_wconf 91' lang='lat' dir='ltr'><strong>in</strong></span> <span class='ocrx_word' id='word_1_242' title='bbox 845 3169 927 3227; x_wconf 87' lang='lat' dir='ltr'><strong>factis</strong></span> <span class='ocrx_word' id='word_1_243' title='bbox 945 3169 1083 3246; x_wconf 90' lang='lat' dir='ltr'><strong>dictisque</strong></span> <span class='ocrx_word' id='word_1_244' title='bbox 1096 3168 1145 3246; x_wconf 94' lang='lat' dir='ltr'><strong>qui</strong></span> <span class='ocrx_word' id='word_1_245' title='bbox 1158 3168 1270 3229; x_wconf 90' lang='lat' dir='ltr'><strong>modus.</strong></span> 
     </span>
     <span class='ocr_line' id='line_1_30' title="bbox 286 3250 1257 3338; baseline 0 -19"><span class='ocrx_word' id='word_1_246' title='bbox 286 3261 393 3337; x_wconf 87' lang='lat' dir='ltr'><strong>Itaque</strong></span> <span class='ocrx_word' id='word_1_247' title='bbox 419 3278 518 3319; x_wconf 88' lang='lat' dir='ltr'><strong>eorum</strong></span> <span class='ocrx_word' id='word_1_248' title='bbox 545 3260 680 3338; x_wconf 90' lang='lat' dir='ltr'><strong>ipsorum,</strong></span> <span class='ocrx_word' id='word_1_249' title='bbox 709 3250 775 3338; x_wconf 81' lang='lat' dir='ltr'><strong>quae</strong></span> <span class='ocrx_word' id='word_1_250' title='bbox 803 3266 924 3338; x_wconf 88' lang='lat' dir='ltr'><strong>aspectu</strong></span> <span class='ocrx_word' id='word_1_251' title='bbox 955 3259 1122 3328; x_wconf 91' lang='lat' dir='ltr'><strong>sentiuntur,</strong></span> <span class='ocrx_word' id='word_1_252' title='bbox 1146 3261 1257 3319; x_wconf 91' lang='lat' dir='ltr'><strong>nullum</strong></span> 
     </span>
     <span class='ocr_line' id='line_1_31' title="bbox 285 3349 1256 3428; baseline 0 -19"><span class='ocrx_word' id='word_1_253' title='bbox 285 3349 368 3409; x_wconf 88' lang='lat' dir='ltr'><strong>aliud</strong></span> <span class='ocrx_word' id='word_1_254' title='bbox 397 3350 501 3409; x_wconf 87' lang='lat' dir='ltr'><strong>animal</strong></span> <span class='ocrx_word' id='word_1_255' title='bbox 530 3351 780 3428; x_wconf 89' lang='lat' dir='ltr'><strong>pulchritudinem,-</strong></span> <span class='ocrx_word' id='word_1_256' title='bbox 811 3359 1001 3419; x_wconf 84' lang='lat' dir='ltr'><strong>venustatem,</strong></span> <span class='ocrx_word' id='word_1_257' title='bbox 1034 3350 1256 3410; x_wconf 84' lang='lat' dir='ltr'><strong>convenientiam</strong></span> 
     </span>
     <span class='ocr_line' id='line_1_32' title="bbox 286 3440 1291 3520; baseline 0 -22"><span class='ocrx_word' id='word_1_258' title='bbox 286 3440 415 3520; x_wconf 84' lang='lat' dir='ltr'><strong>partium</strong></span> <span class='ocrx_word' id='word_1_259' title='bbox 443 3441 536 3501; x_wconf 86' lang='lat' dir='ltr'><strong>sentit.</strong></span> <span class='ocrx_word' id='word_1_260' title='bbox 578 3441 671 3510; x_wconf 86' lang='lat' dir='ltr'><strong>Quam</strong></span> <span class='ocrx_word' id='word_1_261' title='bbox 698 3442 909 3500; x_wconf 89' lang='lat' dir='ltr'><strong>similitudinem</strong></span> <span class='ocrx_word' id='word_1_262' title='bbox 935 3449 1039 3500; x_wconf 87' lang='lat' dir='ltr'><strong>natura</strong></span> <span class='ocrx_word' id='word_1_263' title='bbox 1065 3441 1194 3520; x_wconf 87' lang='lat' dir='ltr'><strong>ratioque</strong></span> <span class='ocrx_word' id='word_1_264' title='bbox 1221 3442 1291 3499; x_wconf 82' lang='lat' dir='ltr'><strong>ab8</strong></span> 
     </span>
     <span class='ocr_line' id='line_1_33' title="bbox 286 3530 1257 3611; baseline -0.002 -20"><span class='ocrx_word' id='word_1_265' title='bbox 286 3530 380 3591; x_wconf 87' lang='lat' dir='ltr'><strong>oculis</strong></span> <span class='ocrx_word' id='word_1_266' title='bbox 400 3530 437 3588; x_wconf 87' lang='lat' dir='ltr'><strong>ad</strong></span> <span class='ocrx_word' id='word_1_267' title='bbox 457 3531 583 3589; x_wconf 85' lang='lat' dir='ltr'><strong>animum</strong></span> <span class='ocrx_word' id='word_1_268' title='bbox 601 3531 782 3599; x_wconf 83' lang='lat' dir='ltr'><strong>transferens,</strong></span> <span class='ocrx_word' id='word_1_269' title='bbox 803 3534 894 3591; x_wconf 91' lang='lat' dir='ltr'><strong>multo</strong></span> <span class='ocrx_word' id='word_1_270' title='bbox 915 3533 1001 3590; x_wconf 87' lang='lat' dir='ltr'><strong>etiam</strong></span> <span class='ocrx_word' id='word_1_271' title='bbox 1021 3532 1112 3611; x_wconf 88' lang='lat' dir='ltr'><strong>magis</strong></span> <span class='ocrx_word' id='word_1_272' title='bbox 1132 3531 1257 3610; x_wconf 90' lang='lat' dir='ltr'><strong>pulchri-</strong></span> 
     </span>
     <span class='ocr_line' id='line_1_34' title="bbox 286 3621 1258 3700; baseline -0.004 -19"><span class='ocrx_word' id='word_1_273' title='bbox 286 3621 428 3690; x_wconf 90' lang='lat' dir='ltr'><strong>tudinem,</strong></span> <span class='ocrx_word' id='word_1_274' title='bbox 442 3621 640 3690; x_wconf 87' lang='lat' dir='ltr'><strong>constantiam,</strong></span> <span class='ocrx_word' id='word_1_275' title='bbox 655 3622 783 3680; x_wconf 91' lang='lat' dir='ltr'><strong>ordinem</strong></span> <span class='ocrx_word' id='word_1_276' title='bbox 803 3623 832 3680; x_wconf 91' lang='lat' dir='ltr'><strong>in</strong></span> <span class='ocrx_word' id='word_1_277' title='bbox 853 3623 973 3680; x_wconf 88' lang='lat' dir='ltr'><strong>consiliis</strong></span> <span class='ocrx_word' id='word_1_278' title='bbox 993 3622 1132 3700; x_wconf 83' lang='lat' dir='ltr'><strong>factisque</strong></span> <span class='ocrx_word' id='word_1_279' title='bbox 1147 3640 1258 3680; x_wconf 91' lang='lat' dir='ltr'><strong>conser-</strong></span> 
     </span>
     <span class='ocr_line' id='line_1_35' title="bbox 286 3710 1258 3790; baseline -0.003 -20"><span class='ocrx_word' id='word_1_280' title='bbox 286 3710 417 3770; x_wconf 86' lang='lat' dir='ltr'><strong>vandum</strong></span> <span class='ocrx_word' id='word_1_281' title='bbox 437 3717 530 3790; x_wconf 90' lang='lat' dir='ltr'><strong>putat,</strong></span> <span class='ocrx_word' id='word_1_282' title='bbox 546 3719 694 3790; x_wconf 83' lang='lat' dir='ltr'><strong>caretque,</strong></span> <span class='ocrx_word' id='word_1_283' title='bbox 709 3731 745 3771; x_wconf 90' lang='lat' dir='ltr'><strong>ne</strong></span> <span class='ocrx_word' id='word_1_284' title='bbox 764 3713 833 3790; x_wconf 93' lang='lat' dir='ltr'><strong>quid</strong></span> <span class='ocrx_word' id='word_1_285' title='bbox 854 3712 986 3771; x_wconf 86' lang='lat' dir='ltr'><strong>indecore</strong></span> <span class='ocrx_word' id='word_1_286' title='bbox 1007 3712 1204 3771; x_wconf 81' lang='lat' dir='ltr'><strong>effeminateve</strong></span> <span class='ocrx_word' id='word_1_287' title='bbox 1216 3711 1258 3767; x_wconf 86' lang='lat' dir='ltr'><strong>fa-</strong></span> 
     </span>
     <span class='ocr_line' id='line_1_36' title="bbox 285 3800 1258 3881; baseline -0.003 -21"><span class='ocrx_word' id='word_1_288' title='bbox 285 3803 363 3870; x_wconf 87' lang='lat' dir='ltr'><strong>oiat;</strong></span> <span class='ocrx_word' id='word_1_289' title='bbox 383 3809 446 3860; x_wconf 89' lang='lat' dir='ltr'><strong>tum</strong></span> <span class='ocrx_word' id='word_1_290' title='bbox 465 3801 495 3859; x_wconf 95' lang='lat' dir='ltr'><strong>in</strong></span> <span class='ocrx_word' id='word_1_291' title='bbox 514 3801 644 3862; x_wconf 89' lang='lat' dir='ltr'><strong>omnibus</strong></span> <span class='ocrx_word' id='word_1_292' title='bbox 664 3809 693 3862; x_wconf 89' lang='lat' dir='ltr'><strong>et</strong></span> <span class='ocrx_word' id='word_1_293' title='bbox 713 3803 890 3881; x_wconf 90' lang='lat' dir='ltr'><strong>opinionibus</strong></span> <span class='ocrx_word' id='word_1_294' title='bbox 911 3810 940 3861; x_wconf 92' lang='lat' dir='ltr'><strong>et</strong></span> <span class='ocrx_word' id='word_1_295' title='bbox 960 3803 1051 3871; x_wconf 87' lang='lat' dir='ltr'><strong>lactis,</strong></span> <span class='ocrx_word' id='word_1_296' title='bbox 1065 3821 1101 3860; x_wconf 93' lang='lat' dir='ltr'><strong>ne</strong></span> <span class='ocrx_word' id='word_1_297' title='bbox 1115 3800 1184 3880; x_wconf 93' lang='lat' dir='ltr'><strong>quid</strong></span> <span class='ocrx_word' id='word_1_298' title='bbox 1197 3800 1258 3858; x_wconf 92' lang='lat' dir='ltr'><strong>libi-</strong></span> 
     </span>
     <span class='ocr_line' id='line_1_37' title="bbox 287 3891 1291 3972; baseline -0.005 -19"><span class='ocrx_word' id='word_1_299' title='bbox 287 3892 390 3953; x_wconf 87' lang='lat' dir='ltr'><strong>dinose</strong></span> <span class='ocrx_word' id='word_1_300' title='bbox 409 3900 460 3949; x_wconf 89' lang='lat' dir='ltr'><strong>aut</strong></span> <span class='ocrx_word' id='word_1_301' title='bbox 480 3892 566 3950; x_wconf 83' lang='lat' dir='ltr'><strong>faciat</strong></span> <span class='ocrx_word' id='word_1_302' title='bbox 588 3901 639 3951; x_wconf 88' lang='lat' dir='ltr'><strong>aut</strong></span> <span class='ocrx_word' id='word_1_303' title='bbox 663 3893 777 3972; x_wconf 89' lang='lat' dir='ltr'><strong>cogitet.</strong></span> <span class='ocrx_word' id='word_1_304' title='bbox 821 3894 932 3962; x_wconf 79' lang='lat' dir='ltr'><strong>Quibus</strong></span> <span class='ocrx_word' id='word_1_305' title='bbox 956 3912 991 3950; x_wconf 85' lang='lat' dir='ltr'><strong>ex</strong></span> <span class='ocrx_word' id='word_1_306' title='bbox 1015 3895 1100 3951; x_wconf 92' lang='lat' dir='ltr'><strong>rebus</strong></span> <span class='ocrx_word' id='word_1_307' title='bbox 1121 3891 1291 3948; x_wconf 75' lang='lat' dir='ltr'><strong>conflaturss</strong></span> 
     </span>
     <span class='ocr_line' id='line_1_38' title="bbox 286 3978 1261 4061; baseline -0.006 -19"><span class='ocrx_word' id='word_1_308' title='bbox 286 3990 318 4042; x_wconf 86' lang='lat' dir='ltr'><strong>ct</strong></span> <span class='ocrx_word' id='word_1_309' title='bbox 347 3981 471 4041; x_wconf 89' lang='lat' dir='ltr'><strong>efficitur</strong></span> <span class='ocrx_word' id='word_1_310' title='bbox 494 3983 534 4051; x_wconf 91' lang='lat' dir='ltr'><strong>id,</strong></span> <span class='ocrx_word' id='word_1_311' title='bbox 555 3983 632 4061; x_wconf 92' lang='lat' dir='ltr'><strong>quod</strong></span> <span class='ocrx_word' id='word_1_312' title='bbox 657 3983 822 4061; x_wconf 82' lang='lat' dir='ltr'><strong>quaerimus,</strong></span> <span class='ocrx_word' id='word_1_313' title='bbox 843 3985 1012 4042; x_wconf 89' lang='lat' dir='ltr'><strong>honestum:</strong></span> <span class='ocrx_word' id='word_1_314' title='bbox 1042 3980 1129 4058; x_wconf 93' lang='lat' dir='ltr'><strong>quod,</strong></span> <span class='ocrx_word' id='word_1_315' title='bbox 1150 3978 1261 4038; x_wconf 90' lang='lat' dir='ltr'><strong>etiamsi</strong></span> 
     </span>
    </p>
   </div>
   <div class='ocr_carea' id='block_1_3' title="bbox 0 0 1638 4775">
    <p class='ocr_par' dir='ltr' id='par_1_3' title="bbox 0 0 1638 4775">
     <span class='ocr_line' id='line_1_39' title="bbox 0 0 1638 4775; baseline 0 0"><span class='ocrx_word' id='word_1_316' title='bbox 0 0 1638 4775; x_wconf 95' lang='lat' dir='ltr'><strong> </strong></span> 
     </span>
    </p>
   </div>
  </div>
 </body>
</html>
