3259 4775
372 573 410 624 50
788 586 825 622 un
847 585 973 624 cericus

391 719 408 771 6
422 714 498 772 tatis.
538 714 632 771 Aliter
645 714 741 791 ample
761 714 863 771 domus
884 713 1016 771 dedecori
1029 732 1107 791 saepe
1127 713 1241 772 domino
1255 713 1300 784 fit,
1315 712 1392 773 sicel

422 803 451 861 iu
470 821 505 861 ea
525 803 658 872 solitudo}
680 811 710 861 et
729 804 862 872 maxime,
883 804 907 860 si
926 802 1078 880 aliquando
1098 803 1155 861 alio
1173 803 1292 862 domino
1313 805 1393 864 solite

391 893 407 952 7
423 901 468 951 est
487 893 666 972 frequentari.
709 893 849 952 Odiosum
870 901 914 951 est
934 894 1017 961 enim,
1039 913 1105 951 cum
1120 912 1138 950 a
1152 894 1392 971 praetereuntibus
1426 918 1427 927 ¹

423 984 542 1042 dicitur:
1425 990 1427 997 '

604 1107 628 1164 0
642 1107 742 1164 domas
754 1107 881 1181 antiqua,
897 1106 949 1162 laec
964 1125 1050 1180 quam
1063 1105 1172 1181 dispari

528 1197 685 1254 Dominare
697 1194 836 1254 domino!

280 1380 285 1389 ·
308 1324 363 1431 usq
391 1359 407 1410 8
423 1352 500 1428 quod
515 1351 630 1428 quidem
644 1351 688 1408 his
701 1350 877 1428 temporibus
892 1351 920 1408 in
934 1351 1029 1407 multis
1047 1350 1116 1408 licet
1135 1336 1265 1498 dimite(
1308 1371 1388 1410 aven·

298 1456 380 1551 f*
423 1441 493 1497 dum
505 1449 601 1497 autern
616 1447 668 1508 est,
683 1440 841 1517 praesertim
856 1440 880 1497 si
892 1441 953 1516 ipse
974 1440 1106 1508 aedifices,
1121 1459 1187 1498 nee
1272 1441 1387 1499 modum

298 1514 356 1589 uf}
422 1537 540 1608 sumptu
550 1537 580 1587 et
589 1529 798 1608 magnificentia
808 1530 943 1608 prodeas:
959 1530 1054 1608 quoin
1066 1548 1172 1608 genere
1184 1531 1311 1589 multum
1324 1532 1387 1591 muli

390 1619 508 1677 9etiam
531 1620 561 1677 in
584 1621 715 1697 exemplo
736 1625 787 1677 est.
830 1619 963 1677 Studiose
983 1619 1058 1677 enim
1078 1620 1212 1697 plerique,
1228 1621 1387 1698 praesertim
1407 1696 1410 1703 Ι

421 1709 451 1766 in
473 1710 547 1767 hanc
568 1717 689 1787 partem,
704 1709 781 1768 fecta
801 1709 961 1786 principum
983 1709 1144 1766 imitantur:
1166 1717 1200 1767 ιιι
1219 1710 1252 1767 L.
1268 1711 1385 1777 Luculli,

423 1801 526 1858 summi
539 1800 599 1868 viri,
614 1800 749 1857 virtutem
764 1800 828 1877 quis
840 1799 853 1856 2
876 1806 906 1856 at
920 1818 1006 1876 quam
1020 1799 1104 1856 multi
1116 1799 1247 1857 villarum
1260 1800 1385 1880 magnifi-

422 1891 543 1948 centiam
556 1891 656 1948 imitati
670 1891 761 1947 sunt‘?
783 1891 910 1959 Quarum
925 1889 1041 1966 quidem
1055 1895 1132 1946 certe
1145 1895 1190 1947 est
1210 1888 1386 1948 adhibendus

422 1981 534 2048 modus,
544 1981 582 2037 ad
592 1980 875 2056 mediocritatemque
886 1979 1069 2037 revocandus.
1101 1978 1269 2055 Eademque
1282 1979 1385 2038 medio·

422 2070 507 2129 eritas
518 2070 556 2127 ed
570 2087 683 2126 omnem
696 2088 780 2126 usum
792 2069 958 2146 cultumque
967 2068 1032 2126 vitae
1043 2067 1238 2126 transferenda
1248 2075 1301 2128 est.
1332 2068 1387 2128 Sed

422 2148 487 2217 haec
501 2159 648 2216 hactenus.

374 2255 408 2306 10
462 2249 498 2306 In
520 2248 596 2305 omni
620 2255 717 2305 autem
744 2248 856 2306 actione
880 2246 1059 2326 suscipienda
1082 2247 1136 2305 tria
1160 2254 1226 2305 sunt
1245 2249 1385 2307 tenenda:

422 2339 554 2417 primum,
569 2344 602 2396 ut
616 2338 760 2417 appetitus
779 2338 880 2397 rationi
900 2344 1016 2417 pareat;
1037 2356 1095 2415 quo
1108 2337 1176 2396 nihil
1189 2344 1233 2395 est
1246 2338 1286 2397 ad
1300 2339 1387 2398 officia

423 2429 616 2487 conservanda
642 2429 901 2487 accommodatius:
938 2428 1049 2496 deinde,
1078 2436 1111 2485 ut
1138 2428 1387 2496 animadvertatru,

422 2525 530 2596 quanta
550 2518 598 2575 illa
620 2537 666 2576 res
687 2519 732 2586 sit,
754 2537 841 2596 quam
862 2518 972 2576 efficere
991 2518 1110 2576 velimus
1121 2537 1129 2586 ;
1150 2524 1183 2575 ut
1202 2537 1274 2576 neve
1288 2519 1387 2597 major,

421 2627 493 2666 neve
507 2609 598 2666 minor
612 2628 681 2666 cura
694 2615 723 2666 et
737 2627 825 2686 opera
839 2608 1018 2685 suscipiatur,
1033 2626 1119 2685 quam
1138 2625 1223 2666 causa
1243 2609 1386 2685 postulet:

421 2700 538 2757 tertium
553 2706 605 2767 est,
620 2706 653 2756 ut
667 2718 826 2766 caveamus,
840 2706 874 2756 ut
888 2717 929 2765 ea,
944 2718 1009 2775 quae
1031 2698 1173 2774 pertinent
1190 2697 1228 2755 ad
1240 2698 1388 2757 liberalem

375 2796 405 2851 1]
422 2790 545 2868 speciem
569 2797 598 2847 et
624 2789 800 2867 drgnitatem‚
826 2787 974 2846 moderata
998 2787 1060 2844 sint.
1102 2785 1207 2845 Modus
1227 2794 1326 2845 autem
1346 2794 1389 2847 est

422 2881 554 2959 optimuS,
570 2880 657 2938 decus
671 2880 766 2958 ipsum
779 2886 886 2946 tenere,
902 2877 939 2935 de
953 2896 1015 2954 quo·
1024 2883 1090 2935 ente
1110 2877 1241 2944 diximus,
1256 2896 1311 2936 nec
1325 2897 1389 2956 pro

421 2972 503 3053 gredi
524 2972 644 3051 longius.
686 2972 798 3029 Horum
820 2977 916 3027 tamen
937 2969 1023 3026 trium
1047 2968 1316 3045 praestantissimum
1337 2975 1388 3038 eet,

422 3063 582 3142 appetitum
596 3064 795 3140 obtemperare
807 3060 916 3119 rationi.

456 3243 516 3300 XL.
531 3242 674 3317 Deinceps
689 3239 725 3297 (10
739 3240 866 3315 (ιιι1ἰι10Ι
880 3259 993 3297 rerum
1007 3238 1087 3297 etde
1106 3238 1387 3315 opportunitate

423 3341 629 3409 temporum
643 3329 795 3387 dicendum
806 3335 858 3387 est.
891 3330 964 3387 Haec
976 3336 1071 3386 autem
1082 3327 1198 3385 scientia
1211 3328 1385 3388 eontinentur

422 3441 465 3489 ea,
480 3440 567 3497 quam
589 3419 685 3478 Graeci
705 3420 829 3493 εὐταξίαν
843 3419 1004 3486 nominaut;
1025 3436 1082 3475 non
1100 3418 1182 3484 hanc,
1198 3436 1286 3494 quam
1305 3418 1386 3477 inter·

423 3517 569 3589 pretamur
582 3509 759 3577 modestiam,
774 3529 831 3587 quo
844 3510 873 3566 in
886 3510 973 3567 verbo
986 3508 1089 3565 modus
1102 3507 1176 3565 inest
1187 3527 1194 3575 ;
1215 3505 1268 3563 sed
1284 3507 1336 3566 illa
1348 3515 1386 3567 est

390 3600 541 3673 adsueta,
562 3600 591 3657 in
611 3618 668 3678 qua
687 3599 854 3677 intelligitur
873 3598 978 3656 ordinis
999 3596 1182 3656 conservatio.
1223 3596 1339 3675 Itaque,
1359 3604 1390 3657 ιιι

422 3689 542 3747 eandem
556 3709 607 3746 nos
621 3689 790 3747 modestiam
804 3688 990 3766 appellemus,
1002 3689 1041 3745 sic
1056 3687 1189 3745 definitur
1201 3704 1219 3742 a
1233 3685 1350 3759 Stoicis,
1359 3693 1390 3748 ιιι

422 3779 561 3837 modestia
575 3780 611 3837 sit
624 3780 740 3838 scientia
753 3798 851 3836 earum
861 3796 964 3846 rerum,
976 3797 1042 3855 quae
1054 3783 1175 3855 agentur
1188 3782 1239 3834 aut
1250 3775 1390 3850 dicentur,

391 3870 487 3928 31000
506 3887 558 3926 suo
581 3868 818 3927 collocandamm.
860 3869 907 3926 Ita
926 3868 1039 3926 videtur
1059 3867 1160 3924 eadem
1173 3865 1215 3923 vis
1236 3867 1346 3927 ordinis
1364 3876 1391 3932 ct

423 3959 613 4022 collocationis
634 3959 704 4019 fore.
745 3958 823 4030 Nam
844 3965 873 4017 et
893 3957 1020 4016 ordinem
1034 3957 1074 4015 sic
1089 3955 1235 4024 definiunt,
1251 3961 1392 4038 composi·

1389 4271 1401 4302 Ι
