3259 4775
353 593 387 646 12
764 607 802 646 nn
824 605 950 646 ornrcrrs

400 737 576 796 nobilitatum
605 756 660 795 non
688 738 732 805 sit,
754 745 851 795 tamen
877 728 1028 794 honestum
1054 744 1114 805 est;
1144 738 1279 817 quodque
1300 759 1369 801 vere

401 827 528 896 dicimus,
544 828 654 886 etiamsi
667 847 684 885 a
698 828 777 886 nullo
790 827 932 895 laudetur,
947 833 1048 884 natura
1061 847 1125 886 esse
1138 819 1331 956 laudabiles

439 1009 476 1069 V.
497 1010 630 1068 Formam
644 1009 759 1087 quidem
773 1009 873 1087 ipsam,
889 1008 986 1066 Marce
1000 1009 1047 1076 fili,
1059 1015 1089 1066 et
1103 1016 1249 1088 tamquam
1263 1012 1363 1071 faciem

399 1100 508 1159 honesti
529 1100 624 1158 vides:
646 1119 722 1177 quae,
745 1099 768 1157 si
788 1099 877 1157 oculis
897 1107 1068 1167 cerneretur,
1082 1100 1224 1159 mirabiles
1244 1121 1364 1171 amores,

312 1225 315 1229 -
366 1197 432 1248 tut
458 1192 498 1248 ait
525 1191 617 1258 Plat0,
643 1191 779 1248 excitaret
807 1189 964 1268 sapientiae.
1006 1190 1065 1247 Sed
1090 1209 1181 1259 omne,
1209 1193 1287 1269 quod
1321 1201 1366 1252 est

397 1282 558 1349 honestum,
572 1281 602 1339 id
623 1288 758 1359 quattuor
772 1280 895 1357 partium
909 1280 997 1338 oritur
1016 1299 1052 1338 ex
1072 1281 1173 1358 aliqua.
1214 1282 1278 1341 Ant
1291 1283 1366 1341 enim

398 1361 453 1429 ff(
446 1359 645 1450 perspicientia
665 1371 724 1428 veri
744 1370 928 1447 sollertiaque.
944 1378 1090 1460 gersatpr:
1111 1379 1162 1430 aut
1175 1372 1204 1430 in
1217 1373 1366 1431 hominum

398 1462 531 1520 socictate
551 1461 665 1528 tuenda,
682 1460 890 1537 tribuendoque
911 1481 995 1519 suum
1014 1462 1125 1539 cuique,
1140 1469 1169 1520 et
1182 1482 1278 1521 rerum
1299 1484 1365 1521 con·

398 1559 554 1610 tracturum
567 1552 639 1609 fide:
661 1551 754 1609 autin
774 1551 860 1608 animi
874 1551 978 1609 excelsi
998 1559 1085 1629 atque
1105 1553 1200 1611 invicti
1222 1554 1365 1632 magnitu-

398 1642 462 1700 dine
482 1661 516 1700 ac
529 1642 646 1700 robore:
668 1641 760 1699 autin
774 1641 908 1709 omnium,
923 1661 988 1719 quae
1001 1643 1073 1699 fiunt
1086 1661 1207 1721 quaeque
1222 1643 1364 1714 dicuntur,

365 1739 382 1790 3
397 1732 493 1790 ordine
508 1739 538 1790 et
550 1732 645 1800 modo,
656 1732 685 1789 in
698 1752 755 1810 quo
769 1732 841 1789 inest
854 1732 994 1790 modestia
1007 1739 1036 1791 et
1056 1733 1252 1810 temperantia.
1256 1723 1282 1808 s
1294 1735 1365 1803 Qua

397 1830 532 1901 quattuor
552 1842 726 1901 quamquam
740 1823 813 1881 inter
827 1842 858 1880 se
873 1823 1007 1901 colligata
1027 1831 1114 1900 atque
1128 1823 1272 1900 implicata
1287 1833 1363 1893 sunt,

397 1921 493 1972 tamen
507 1933 542 1971 cx
556 1914 673 1992 singulis
687 1920 765 1971 certa
778 1913 934 1971 officiorum
954 1931 1060 1991 genera
1073 1919 1234 1972 nascuntur.
1275 1914 1366 1973 Velut

399 2023 435 2061 ex
455 2023 489 2062 ea
505 2010 595 2080 parte,
610 2023 675 2081 quae
691 2004 783 2079 prima
803 2002 947 2079 descripta
964 2010 1016 2070 est,
1031 2003 1060 2060 in
1079 2022 1136 2080 qua
1155 2004 1321 2081 sapientiam
1336 2012 1366 2064 et

398 2093 578 2171 prudentiam
605 2092 744 2170 ponimus,
765 2092 839 2150 inest
862 2092 1007 2171 indagatio
1031 2100 1118 2171 atque
1144 2094 1268 2151 inventio
1287 2095 1364 2163 veri;

364 2189 382 2241 4
397 2184 515 2261 ejusque
529 2182 639 2240 virtutis
653 2183 708 2240 hoc
722 2202 826 2240 munus
840 2190 884 2240 est
898 2183 1052 2259 proprium.
1094 2184 1137 2241 Ut
1157 2184 1231 2241 enim
1245 2185 1365 2263 quisque

396 2274 516 2330 maxime
537 2272 680 2351 perspicit,
695 2273 765 2350 quid
784 2273 813 2331 in
827 2292 858 2330 re
878 2291 991 2350 quaque
1010 2273 1186 2331 verissimum
1200 2274 1244 2342 sit,
1260 2276 1365 2352 quique

396 2361 555 2422 acutissime
566 2369 595 2421 et
604 2363 747 2422 celerrime
758 2370 855 2443 potest
867 2371 897 2422 et
910 2364 1007 2422 ridere
1018 2370 1047 2423 et
1058 2364 1198 2442 explicare
1209 2365 1346 2425 rationem
1357 2386 1364 2436 ;
1414 2373 1418 2379 '

364 2464 381 2515 5
395 2455 419 2513 is
440 2454 673 2533 prudentissimus
688 2463 717 2513 et
731 2456 955 2534 sapientissimus
970 2456 1022 2514 rite
1043 2456 1143 2516 haberi
1162 2442 1264 2539 soleti)
1286 2459 1359 2529 Quo

396 2545 469 2603 circa
488 2545 562 2611 huic,
583 2545 663 2622 quasi
681 2547 807 2614 materia,
823 2567 910 2624 quam
932 2555 1035 2605 tractet
1055 2554 1085 2605 et
1098 2548 1363 2626 Qversetur,

386 2636 525 2722 Q
539 2642 584 2693 est
596 2635 707 2694 veritas.
743 2637 869 2714 Reliquis
884 2645 981 2695 autem
994 2639 1085 2696 tribus
1100 2638 1254 2697 virtutibus
1267 2659 1364 2698 neces·

396 2726 492 2783 sitates
513 2725 667 2804 propositae
689 2727 807 2784 suntad
822 2747 869 2785 eas
883 2747 927 2785 res
942 2728 1084 2806 parandas
1098 2729 1285 2806 tuendasque,
1300 2731 1362 2808 qui·

396 2817 450 2874 hus
464 2817 538 2875 actio
551 2816 619 2874 vitae
644 2817 820 2886 continetur;
841 2825 874 2876 ut
889 2825 918 2875 et
932 2818 1054 2876 societas
1069 2819 1214 2876 hominum
1229 2820 1363 2898 conjunc·

396 2907 491 2986 tioque
506 2914 650 2976 servetur3
673 2914 703 2966 et
723 2908 806 2966 animi
821 2908 987 2967 excellentia
1007 2908 1240 2988 magnitudoque,
1255 2910 1363 2968 cumin

396 3000 533 3078 augendis
555 3000 655 3077 opibus
670 3000 896 3077 utilitatibusque
916 3006 946 3057 ct
959 3000 1014 3058 sibi
1034 3006 1064 3057 et
1083 2999 1141 3056 suis
1155 3001 1362 3077 comparandis,

363 3096 457 3148 titum
477 3090 566 3149 multo
587 3091 677 3169 magis
697 3092 725 3149 in
745 3091 789 3148 his
810 3092 879 3169 ipsis
903 3089 1099 3167 despiciendis,
1121 3089 1239 3149 eluceat.
1282 3090 1361 3150 Ordo

396 3187 499 3247 autom,
515 3187 544 3238 et
558 3182 722 3248 constantia,
738 3188 767 3239 et
780 3181 946 3248 moderatio,
961 3186 991 3238 et
1001 3199 1043 3247 ea,
1058 3199 1123 3257 quae
1139 3186 1206 3237 sunt
1229 3179 1273 3237 his
1288 3181 1362 3239 simi·

395 3270 441 3337 lia,
462 3276 611 3326 versantur
638 3270 666 3326 in
687 3289 721 3327 eo
748 3289 860 3348 genere,
883 3271 920 3328 ad
944 3270 1022 3348 quod
1041 3277 1086 3327 est
1106 3269 1267 3328 a'dhibenda
1287 3272 1362 3330 actio

395 3359 538 3436 quaedam,
553 3377 610 3415 non
630 3359 722 3416 solum
736 3361 838 3419 mentis
852 3362 977 3439 agitatio.
1019 3361 1073 3418 His
1094 3359 1167 3418 enim
1188 3360 1281 3429 rebuS,
1296 3381 1362 3439 quae

396 3455 554 3507 tractantur
572 3449 601 3506 in
621 3449 687 3516 vita,
702 3451 821 3509 modum
842 3452 985 3529 quendam
998 3458 1028 3510 et
1042 3451 1168 3509 ordinem
1184 3450 1361 3520 adhibentes,

395 3540 573 3597 honestatem
587 3546 616 3597 et
630 3539 718 3598 decus
732 3542 1029 3655 conservabimuss‘

426 3646 441 3671 1

275 3788 284 3803 Ι,
317 3778 321 3785 ,
357 3676 425 3803 ,ff
435 3719 488 3777 VI.
503 3719 548 3777 Ex
557 3728 693 3798 quattuor
706 3728 802 3779 autem
812 3722 890 3790 lociS,
905 3722 933 3780 in
943 3742 1014 3799 quos
1025 3721 1136 3779 honesti
1149 3728 1281 3780 naturam
1292 3722 1362 3780 vim-

269 3808 275 3847 ·'
290 3804 316 3863 22¹
395 3828 452 3887 que
472 3808 625 3876 divisimus,
642 3811 750 3890 primus
770 3813 826 3880 ille,
842 3814 891 3890 qui
908 3814 936 3871 in
955 3813 1032 3870 vcri
1063 3811 1274 3890 cognitione
1296 3831 1362 3871 con-

364 3899 477 3966 asiatio,
502 3901 624 3959 maxime
645 3909 776 3960 naturam
799 3904 916 3982 attingit
937 3904 1101 3960 humanam.
1156 3902 1263 3960 Omnes
1286 3904 1362 3963 enim

397 3989 535 4048 trahimur
549 3999 578 4049 et
592 3991 722 4050 ducimur
736 3993 772 4051 ad
787 3994 954 4072 cognitionis
969 4000 998 4051 et
1019 3992 1141 4050 scientiae
1166 3992 1362 4071 cupiditatem,
