3259 4775
719 569 757 608 DE
772 567 899 609 omaus

357 700 512 757 uastissime
526 698 668 756 molestias
683 717 767 776 posse
780 696 893 776 deponi,
904 696 929 754 si
941 715 988 754 me
1000 697 1039 754 ad
1052 696 1265 775 philosophiam
1277 716 1312 756 re

358 789 491 846 tulissem.
535 788 589 845 (lui
603 807 669 845 curn
682 788 804 846 multum
818 786 982 845 adolescens
1003 786 1130 845 discendi
1150 806 1237 845 eausa
1249 794 1315 846 tem·

357 879 433 956 poris
446 878 615 945 tribuissem,
631 887 818 956 posteaquam
837 877 991 935 honoribus
1010 876 1143 934 inservire
1162 877 1248 955 coepi,
1262 895 1316 935 me-

358 988 413 1045 que
428 976 520 1025 totum
534 968 575 1026 rei
589 968 713 1046 pubhoae
727 965 839 1034 tradidi,
854 973 966 1024 tantum
979 973 1042 1046 erat
1054 966 1243 1045 philosophia
1256 966 1315 1034 looi,

356 1067 493 1135 quantum
507 1058 686 1136 superfuerat
699 1056 854 1114 amicorum
866 1063 896 1113 et
909 1056 949 1113 rei
962 1056 1084 1133 pubhoae
1097 1057 1242 1134 temporis.
1281 1056 1314 1116 Id

356 1155 452 1205 autern
466 1166 548 1205 omne
562 1147 782 1205 consumebatur
795 1146 824 1203 in
837 1145 977 1224 legendo,
998 1144 1140 1204 scribendi
1159 1146 1250 1205 otium
1263 1166 1313 1205 non

356 1245 425 1296 erat.
454 1239 494 1295 ΙΙ.
510 1238 639 1295 Maximis
653 1236 741 1314 igitur
754 1236 781 1293 in
795 1236 877 1293 malis
892 1236 945 1293 hoc
956 1243 1051 1294 tamen
1065 1236 1132 1294 boni
1146 1236 1269 1295 assecuti
1278 1236 1313 1294 11-

355 1328 464 1395 demur,
478 1334 511 1384 ut
525 1347 559 1385 ea
573 1327 673 1384 litteris
694 1325 903 1393 mandaremus,
918 1344 983 1403 quae
995 1344 1047 1383 nee
1061 1332 1143 1383 erant
1161 1325 1231 1385 satis
1252 1332 1314 1385 nota

324 1418 466 1484 tuostris,
482 1423 606 1473 sterant
625 1415 784 1493 cognitione
805 1414 976 1493 dignissima.
1018 1414 1094 1484 Quid
1112 1415 1188 1475 enim
1202 1422 1253 1485 est,
1267 1434 1314 1495 per

356 1506 433 1572 deos,
453 1505 606 1583 optabilius
626 1505 786 1582 sapientia?
807 1504 877 1582 quid
897 1505 1103 1582 praestantius?
1124 1506 1196 1583 quid
1215 1506 1314 1564 homini

323 1595 479 1653 amelius?
504 1594 573 1671 quid
593 1583 861 1672 homine'diguius‘l
892 1595 974 1675 Hanc
994 1594 1081 1672 igitur
1099 1596 1149 1673 qui
1170 1603 1312 1675 expetunt,

355 1685 518 1763 philosophi
530 1685 728 1743 nominantur:
748 1704 802 1743 nec
817 1684 966 1762 quicquam
981 1685 1059 1743 ahud
1073 1692 1117 1743 est
1130 1685 1312 1765 philosophia,

323 1775 379 1833 411
400 1776 578 1855 interpretari
596 1776 674 1844 velis,
702 1783 806 1854 praeter
829 1774 955 1832 studium
978 1775 1133 1852 sapientiae.
1174 1776 1316 1855 Sapientia

355 1873 452 1925 autem
465 1874 517 1935 est,
534 1864 580 1946 (ut
594 1886 611 1923 a
624 1867 767 1924 veteribus
787 1864 964 1944 philosophis
986 1864 1134 1923 delinitum
1153 1864 1210 1945 est)
1224 1885 1315 1926 rerum

355 1955 512 2014 divinarum
526 1963 556 2014 et
569 1957 755 2013 humanarum
777 1973 990 2031 causarumque,
1005 1955 1108 2032 quibus
1126 1956 1174 2015 hae
1193 1975 1313 2016 1111111-

355 2046 487 2113 tineutur,
503 2045 636 2106 scientiar
652 2045 733 2121 cujus
747 2044 874 2102 studium
887 2044 936 2121 qui
945 2044 1097 2128 vituperat,
1108 2046 1188 2104 haud
1202 2047 1314 2106 11111111-

322 2144 339 2195 5
355 2134 460 2213 telligo,
475 2134 610 2212 quidnam
625 2134 671 2201 111,
686 2133 764 2211 quod
778 2134 952 2192 laudandum
972 2142 1062 2213 putet.
1105 2135 1182 2194 Nam
1195 2137 1254 2196 sive
1266 2138 1313 2196 ob·

354 2224 468 2281 lectatio
489 2223 625 2302 quaeritur
644 2224 730 2281 animi
749 2224 917 2302 requiesque
937 2244 1085 2294 curarum3
1107 2245 1172 2303 quae
1198 2227 1316 2286 conferri

354 2333 420 2371 cum
434 2332 532 2372 eorum
543 2314 642 2371 studiis
653 2320 758 2392 potest,
769 2313 818 2392 qui
828 2333 942 2393 semper
951 2315 1057 2393 ahquid
1069 2315 1229 2395 anquirunt,
1239 2316 1316 2396 quod

354 2412 466 2482 spectet
486 2405 629 2463 11111111
652 2405 689 2462 ad
713 2406 785 2464 bene
809 2406 949 2482 beateque
968 2406 1139 2465 vivendum?
1163 2408 1223 2466 sive
1246 2408 1317 2467 ratio

355 2495 520 2553 constantiae
533 2494 699 2572 virtutisque
722 2495 835 2553 ducitur
846 2502 856 2563 ;'
874 2503 927 2552 1111
947 2497 1010 2555 haeo
1031 2515 1077 2553 ars
1097 2504 1149 2564 est,
1170 2505 1221 2556 aut
1239 2498 1317 2557 nulla

322 2585 475 2653 domnino,
495 2604 547 2663 per
566 2604 653 2662 quam
672 2603 720 2642 111
742 2604 933 2661 assequamur.
975 2586 1091 2644 Nullam
1114 2588 1208 2646 dicere
1228 2588 1312 2646 maxi·

353 2693 465 2734 marum
488 2694 583 2733 rerum
604 2681 694 2733 artem
715 2693 786 2744 esse,
802 2694 868 2732 cum
887 2676 1065 2734 minimarum
1084 2677 1143 2735 sine
1163 2687 1226 2737 arte
1238 2679 1316 2736 nulla

353 2765 398 2834 111,
419 2766 566 2824 hominum
585 2773 629 2823 est
654 2785 756 2845 parum
780 2764 957 2823 considerate
980 2767 1156 2843 loquentium
1178 2776 1264 2846 atquo
1286 2768 1314 2826 in

321 2856 482 2916 imarimis
505 2856 590 2915 rebus
615 2855 777 2914 errantium.
820 2855 852 2914 Si
871 2863 968 2914 autem
989 2862 1033 2914 est
1055 2857 1150 2935 ahqua
1169 2858 1314 2936 diseiphna

352 2948 482 3016 virtutis;
502 2949 552 3007 ubi
574 2966 609 3006 11
628 2953 780 3025 quaeretur,
796 2965 862 3004 cum
882 2947 919 3002 ab
939 2947 994 3004 hoc
1015 2947 1142 3006 discendi
1155 2967 1260 3026 genere
1273 2949 1311 3006 di·

320 3039 508 3098 8scesseris‘?
549 3039 608 3098 Sed
636 3040 706 3106 haeo,
733 3058 798 3096 cum
823 3037 861 3095 ad
888 3037 1096 3114 philosophiam
1123 3040 1311 3108 cohortamur,

352 3130 509 3187 accuratius
524 3129 663 3206 disputari
676 3128 786 3187 solent:
801 3127 880 3204 quod
894 3127 949 3186 alio
963 3127 1088 3204 quodam
1101 3127 1173 3187 libro
1186 3128 1312 3188 fecimus.

320 3218 416 3276 9Hoo
444 3224 541 3275 autem
564 3224 692 3293 tempore
716 3223 829 3273 tantum
851 3217 934 3274 nobis
958 3217 1159 3276 declarandum
1179 3218 1242 3288 fuit,
1263 3238 1314 3278 cur

352 3307 443 3365 orbati
464 3307 505 3364 rei
525 3301 832 3383 publicae'muneribus
851 3306 889 3363 ad
909 3308 964 3365 hoo
985 3328 1036 3366 nos
1056 3307 1182 3367 studium
1203 3309 1312 3388 potissi·

351 3415 431 3454 mum
445 3395 671 3454 contuhssemus.

303 3489 336 3539 10
392 3484 556 3543 Occurritur
574 3491 671 3542 autem
692 3485 781 3566 nobis,
802 3492 833 3543 11
853 3488 968 3565 quidem
988 3489 1116 3547 edoctis
1137 3497 1167 3548 et
1186 3490 1312 3558 eruditis,

250 3622 256 3631 ,
350 3575 551 3652 quaerentibus,
572 3575 675 3633 satisne
696 3584 859 3637 constanter
878 3580 972 3637 facere
992 3579 1148 3646 videamur,
1169 3579 1226 3656 qui,
1248 3599 1313 3638 oum

351 3663 458 3742 percipi
471 3664 539 3722 nihil
553 3684 637 3742 posse
652 3666 788 3737 dicamus,
800 3675 896 3726 tamen
910 3676 940 3726 et
953 3669 1013 3726 aliis
1027 3668 1162 3727 derebus
1176 3669 1313 3728 disserere

349 3754 499 3822 soleamus,
515 3761 544 3812 et
556 3756 611 3813 hoc
625 3755 687 3832 ipso
701 3763 829 3835 tempore
844 3766 992 3836 praecepta
1004 3759 1086 3817 officii
1100 3778 1314 3836 persequamur.

300 3847 333 3902 11
350 3843 460 3912 Quibus
470 3844 570 3903 vellem
582 3846 650 3903 satis
661 3847 773 3924 cognita
783 3855 859 3905 esset
869 3856 966 3906 nostra
976 3850 1122 3908 sententia.
1158 3849 1225 3907 Non
1238 3851 1314 3910 enim

349 3951 448 3992 sumus
461 3933 488 4002 ii,
499 3954 620 4012 quorum
631 3942 751 4014 vagetur
764 3937 874 3994 animus
884 3957 987 4006 errore,
998 3957 1050 3998 uec
1061 3939 1166 3998 habeat
1175 3958 1314 4019 unquam,
