3259 4775
504 617 591 657 amna
604 616 646 656 ιιι.
689 616 756 657 oar.
771 617 865 657 xxvn.
1147 603 1205 658 115

279 748 323 807 ixe
336 747 416 806 nulla
427 747 552 824 suspicio
572 745 638 828 est),
652 746 704 805 sed
723 747 885 805 insimulant
905 766 971 805 eum
990 747 1151 827 tragoediae,

278 839 363 897 atione
386 838 502 896 insaniae
528 837 657 896 militiam
684 838 884 916 subterfugere
912 838 1043 896 voluisse.
1084 838 1183 898 blant

278 936 338 988 tum
362 929 516 989 consilium.
558 929 601 986 At
624 929 702 997 utile,
723 936 757 986 ut
778 929 878 1007 aliquis
897 929 1017 987 fortasse
1039 929 1150 998 dixerit,

278 1039 307 1078 re
321 1026 351 1078 et
364 1020 474 1078 Ithaeae
487 1020 581 1077 virere
594 1019 683 1079 otiose
704 1039 770 1077 enm
784 1019 957 1096 parentibus,
973 1039 1039 1077 cum
1052 1032 1149 1088 uxore,

278 1111 331 1169 ilio.
372 1110 473 1168 Ullum
486 1116 519 1168 tu
532 1109 620 1167 decas
638 1110 667 1167 in
680 1109 850 1187 quotidianis
869 1109 1014 1167 laboribus
1034 1117 1064 1167 et
1077 1111 1150 1188 peri-

278 1222 338 1260 eum
351 1201 406 1260 hac
418 1200 621 1277 tranquillitate
635 1200 838 1257 conserendum
858 1196 967 1278 putas?
1007 1200 1071 1278 Ego
1084 1220 1151 1259 vero
1165 1208 1183 1260 3

286 1290 518 1350 contemnendam
531 1297 561 1347 et
574 1289 779 1368 abjiciendam:
800 1290 942 1368 quoniam,
953 1283 1019 1368 qum
1032 1290 1151 1348 honesta

277 1382 301 1449 t,
315 1400 351 1439 ne
365 1379 464 1438 utile'm
477 1380 592 1458 quidem
605 1399 668 1438 esse
688 1380 818 1440 arbitror.
860 1380 936 1450 Quid
950 1381 1025 1438 enim
1039 1380 1150 1439 auditu·
1165 1386 1184 1439 4

277 1479 352 1549 sums
364 1471 587 1541 fuisse'Ulixem,
602 1470 667 1528 siin
686 1470 734 1528 illa
753 1470 930 1529 simulatione
944 1472 1149 1549 perseveraris·

279 1562 404 1639 quicum
416 1562 554 1620 maximas
568 1579 613 1618 res
633 1562 752 1639 gesserit
766 1561 794 1618 in
807 1561 893 1630 bello,
908 1568 1003 1620 tamen
1016 1563 1079 1620 haec
1100 1581 1149 1620 au·

277 1652 299 1710 rb
312 1651 423 1729 Ajace:

351 1741 440 1817 Cujus
452 1742 508 1816 tore
516 1742 647 1816 princeps
653 1742 732 1816 juris
737 1741 861 1815 jurandi
865 1742 938 1816 fait,

352 1832 435 1906 Quod
448 1851 539 1889 omres
551 1833 634 1899 catch,
649 1832 725 1889 solas
737 1832 856 1906 replerit
863 1831 961 1907 fldem.

346 1922 452 1982 Facere
464 1923 636 1989 assimulare,
650 1941 684 1979 nc
697 1923 786 1992 coiret,
801 1922 912 1980 institit.

352 2013 435 2087 Quod
447 2014 478 2069 rcr'
491 2013 656 2070 Palamedis
660 2031 805 2087 perspccac
812 2012 967 2087 prudentia

346 2103 438 2163 Istius
446 2113 584 2179 percepset
597 2106 767 2162 malitiosam
780 2104 938 2172 auduram,

346 2196 419 2253 Fide
431 2203 547 2252 sacratae
552 2195 605 2270 jus
613 2202 746 2269 perpetuo
751 2195 874 2271 falleret.

276 2305 384 2345 aranon
396 2285 483 2343 modo
499 2306 564 2343 aum
574 2285 713 2351 hostibus,
723 2284 916 2342 verumetiam
930 2304 995 2342 cum
1009 2284 1150 2354 fluctibus,
1166 2296 1184 2345 5

276 2376 398 2445 adfecit,
414 2376 548 2434 dimicare
561 2375 661 2434 melius
676 2374 738 2443 suit,
754 2395 841 2453 quam
862 2373 992 2434 deserere
1013 2376 1151 2435 consenti·

276 2487 284 2525 ι
299 2466 441 2525 Graeeiam
454 2466 492 2524 ad
505 2467 613 2525 bellum
627 2465 754 2523 barbaris
767 2465 952 2524 inferendum.

275 2647 287 2706 l
313 2647 480 2707 omittamus
500 2653 530 2705 et
555 2647 677 2714 fabulas,
698 2653 728 2704 et
754 2653 883 2704 externa:
905 2646 940 2703 ad
966 2665 1026 2704 rem
1049 2646 1185 2706 laetam6

275 2757 371 2816 amque
385 2738 539 2795 veniamus.
580 2736 620 2795 M.
636 2737 742 2794 Atilius
762 2736 953 2814 Regulus,
968 2755 1033 2795 eum
1055 2737 1153 2795 consul
1168 2738 1184 2794 7

275 2849 290 2887 a
303 2829 332 2886 in
342 2827 443 2885 Africa
453 2846 489 2885 ex
502 2826 607 2885 insidiis
621 2834 723 2904 eaptus
737 2833 822 2892 esset,
835 2825 907 2883 duce
920 2825 1086 2903 Xanthippo
1099 2826 1153 2883 La-

275 2918 371 2986 nonio,
393 2917 564 2995 imperatore
585 2923 681 2975 autem
700 2923 781 2993 patre
802 2915 968 2973 Hannibalis
982 2914 1152 2982 Hamilcare,

275 3029 300 3068 ie
312 3008 416 3067 missus
430 3014 475 3065 est
488 3007 524 3065 ad
546 3013 684 3074 sonatum,
699 3013 741 3074 ut,
755 3005 808 3063 nisi
827 3003 931 3063 redditi
950 3012 1045 3064 essent
1057 3005 1154 3064 Poenis

275 3099 293 3157 ri
306 3098 415 3158 nobiles
435 3097 560 3174 quidam,
582 3096 687 3155 rediret
706 3097 768 3175 ipse
785 3094 1002 3173 Karthaginem.
1043 3096 1152 3154 Iseum
1169 3105 1185 3155 3

275 3210 309 3247 un
322 3189 454 3255 venisset,
475 3187 604 3245 utilitatis
624 3187 748 3264 speciem
768 3185 891 3253 videbat,
907 3184 958 3243 sed
972 3203 1043 3254 eam,
1057 3193 1091 3244 ut
1109 3205 1154 3243 res
1176 3217 1178 3221 ·

274 3285 322 3347 rat,
336 3278 440 3336 falsam
451 3277 607 3355 judicavit:
629 3296 694 3354 quae
704 3283 766 3334 erat
778 3275 862 3334 talis:
883 3294 997 3333 manere
1010 3275 1039 3333 in
1052 3276 1153 3352 patria,

274 3369 342 3428 lomi
362 3387 423 3426 suae
439 3387 505 3425 eum
525 3385 623 3434 uxore,
638 3386 704 3424 eum
723 3367 838 3433 liberis;
858 3384 945 3442 quam
965 3366 1155 3424 calamitatem

274 3459 347 3518 isset
360 3458 390 3516 in
402 3457 486 3524 bello,
502 3476 681 3516 communem
694 3457 817 3514 sortunae
836 3456 949 3514 bellicae
968 3455 1154 3533 judicantem,

274 3568 285 3607 e
306 3547 463 3607 consularis
485 3546 629 3626 dignitatis
650 3546 781 3624 gradum.
825 3546 895 3616 Quis
908 3546 971 3604 haea
991 3554 1078 3625 negot
1092 3566 1154 3605 esse

276 3641 290 3697 ‘2
322 3639 416 3708 Quem
431 3638 550 3695 censes?
578 3636 748 3715 Magnitudo
762 3636 847 3693 animi
860 3642 890 3693 et
908 3635 1046 3694 fortitudo
1059 3644 1155 3716 negat.

274 3730 312 3788 II.
334 3728 414 3786 Num
427 3727 626 3804 locupletiores
641 3726 744 3803 quaeris
762 3726 916 3784 auctores?
957 3726 1068 3784 Harum
1082 3727 1156 3785 enim

274 3819 396 3876 irtutum
424 3817 580 3895 proprium,
601 3816 669 3874 nihil
696 3816 889 3884 extimescere,
915 3817 1008 3874 omnia
1033 3817 1157 3873 humana

274 3927 344 3976 cere,
360 3907 438 3974 nihil,
453 3907 531 3985 quod
551 3907 658 3964 homini
679 3905 808 3964 accidere
825 3906 924 3983 possit,
944 3904 1156 3964 intolerandum

273 4017 299 4057 e.
341 3999 445 4075 Itaque
469 3996 537 4074 quid
564 3997 654 4055 feeit?
696 3997 731 4054 In
758 4002 889 4066 senatum
915 3995 1002 4062 venit,
1023 3993 1188 4051 mandatat
