3259 4775
261 401 356 495 2¹78--
373 415 377 420 ·
710 416 747 454 na
762 414 890 455 cumeris

293 615 296 620 Ι
347 543 406 624 this
420 544 608 623 imperavisse,
623 551 655 603 ut
669 544 762 602 omnia
782 546 985 623 praeberentur,
1000 546 1161 625 quicunque
1174 542 1310 607 Laciades

347 634 375 692 in
388 634 483 694 villam
496 654 577 693 suam
591 634 765 693 devertisset.

386 816 465 874 XIX.
487 816 559 885 Quae
574 822 671 873 autem
685 835 779 893 opera,
794 836 852 875 nou
872 816 1027 896 largitione,
1043 817 1179 876 beneficia
1198 818 1309 886 dantur,

347 906 410 964 hoec
418 906 751 964 tuminuniversamrem
760 908 913 983 publicam,
923 914 984 965 tum
993 908 1155 986 insingulos
1164 908 1240 966 cives
1249 927 1311 966 cou-

316 1002 332 1053 2
347 996 484 1077 feruntur,
506 997 583 1054 Nam
591 996 692 1075 in'qure
703 1015 811 1065 cavere,
823 997 937 1055 consilio
943 997 1052 1080 juvare,
1062 1004 1149 1075 atque
1159 998 1215 1056 hoc
1225 998 1311 1057 scien·

270 1115 273 1126 r
348 1086 394 1145 tiae
416 1091 520 1166 genere
541 1087 676 1165 prodesse
696 1105 784 1164 qqam
804 1087 939 1165 plurimis,
955 1088 1136 1146 vehementer
1150 1095 1179 1146 et
1192 1088 1231 1146 ad
1245 1107 1312 1168 opes

316 1183 333 1233 3
349 1176 495 1255 augendas
514 1177 645 1254 pertinet,
660 1183 690 1233 et
705 1176 749 1233 ad
770 1177 900 1255 gratiam.
941 1177 1041 1256 ltaque
1056 1196 1121 1235 cum
1134 1178 1227 1235 multa
1240 1197 1313 1256 prae·

311 1289 316 1311 ι
350 1267 426 1324 clara
436 1266 585 1343 majorum,
595 1272 657 1323 tum
666 1266 744 1343 quod
755 1266 862 1342 optime
871 1267 1016 1325 constituti
1023 1267 1094 1346 juris
1105 1268 1192 1325 civilis
1203 1287 1313 1325 summo

315 1361 335 1413 4
349 1374 461 1433 semper
473 1356 502 1412 in
515 1356 621 1413 honore
634 1355 688 1412 fuit
699 1356 821 1434 cognitio
832 1364 917 1434 atque
931 1357 1141 1435 interpretati03
1157 1376 1243 1435 quam
1254 1357 1313 1434 qui·

349 1445 417 1503 dem
438 1452 503 1503 ante
524 1446 598 1504 hauc
622 1445 813 1503 confusionem
835 1455 996 1525 temporum
1016 1447 1045 1505 in
1066 1447 1243 1525 possessione
1263 1465 1314 1504 sua
1351 1440 1354 1443 ⁴

350 1536 491 1614 principes
511 1535 702 1594 retinuerunt:
723 1556 806 1603 nunc,
822 1544 855 1594 ut
868 1538 998 1605 honores,
1012 1544 1046 1594 ut
1059 1556 1157 1595 omnes
1170 1536 1314 1615 dignitatis

318 1634 335 1683 5
350 1627 466 1705 gradus,
481 1626 521 1684 sic
535 1626 621 1705 hujus
635 1626 759 1685 scientiae
772 1626 907 1704 splendor
920 1626 1031 1685 deletus
1045 1634 1104 1685 est:
1126 1626 1212 1705 idque
1227 1646 1261 1685 eo
1274 1627 1314 1685 in·

350 1717 471 1796 dignius,
482 1716 559 1794 quod
570 1736 605 1774 eo
615 1724 744 1795 tempore
755 1716 810 1774 hoc
820 1717 946 1795 contigit,
954 1737 1019 1775 cum
1029 1717 1052 1774 is
1063 1724 1147 1784 esset,
1158 1717 1208 1795 qui
1218 1736 1314 1776 omnes

352 1808 518 1885 superiores,
543 1807 646 1883 quibus
672 1808 779 1865 honore
803 1826 856 1885 par
882 1813 965 1874 esset,
990 1807 1105 1865 scientia
1130 1807 1213 1866 facile
1236 1807 1314 1866 vicis-

319 1903 336 1955 6
351 1904 403 1956 set.
445 1898 518 1954 Haec
532 1896 618 1973 igitur
632 1914 726 1972 opera,
738 1905 821 1975 grata
834 1897 938 1964 multis,
951 1904 980 1955 et
993 1897 1029 1954 ad
1044 1897 1185 1955 beneficiis
1196 1898 1315 1956 obstrin-

319 1986 336 2046 't
351 1987 459 2066 gendos
473 1985 599 2043 homines
613 1986 836 2046 accommodata.
877 1987 977 2064 Atque
996 1988 1062 2045 huic
1076 1987 1130 2044 arti
1142 1988 1260 2045 finitima
1273 1994 1315 2046 est

352 2076 463 2135 dicendi
476 2077 605 2144 facultas,
617 2082 646 2134 et
659 2076 780 2154 gravior,
791 2085 822 2135 et
836 2078 966 2135 ornatior.
1009 2078 1084 2147 Quid
1095 2078 1170 2135 enim
1183 2077 1314 2156 eloquen-

352 2167 392 2223 tia
415 2166 611 2244 praestabilius,
626 2167 673 2224 vel
696 2166 883 2225 admiratione
904 2167 1088 2235 audientium,
1104 2168 1150 2226 vel
1172 2188 1225 2246 spe
1246 2168 1315 2227 iudi·

320 2264 337 2315 8
352 2257 489 2335 gentium,
503 2256 547 2314 vel
570 2274 675 2324 eorum,
691 2256 739 2333 qui
753 2256 862 2315 defensi
882 2264 956 2325 sunt,
970 2258 1086 2337 gratia?
1128 2258 1203 2316 Huic
1218 2277 1315 2338 ergoa

320 2353 337 2406 9
352 2345 507 2425 majoribus
517 2346 619 2404 nostris
627 2353 670 2404 est
680 2347 709 2405 in
718 2354 787 2426 toga
798 2346 943 2426 dignitatis
952 2348 1125 2426 principatus
1136 2348 1230 2408 datus.
1266 2349 1315 2409 Di·

352 2437 420 2495 serti
439 2437 525 2516 igitur
544 2437 672 2506 hominis
687 2445 717 2495 et
736 2438 819 2496 facile
838 2439 1000 2507 laborantis,
1016 2439 1150 2516 quodque
1170 2440 1200 2497 in
1220 2439 1316 2517 patriis

353 2534 396 2586 est
409 2528 543 2596 moribus
558 2529 713 2586 multorum
727 2547 826 2587 causas
840 2535 869 2586 et
882 2548 941 2586 non
954 2537 1072 2607 gravate
1086 2537 1115 2586 et
1128 2529 1254 2607 gratuito
1268 2530 1315 2588 de-

303 2625 338 2679 10
352 2618 501 2686 fendentiS,
511 2618 645 2678 beneficia
656 2626 685 2677 et
695 2617 850 2697 patrocinia
860 2619 918 2676 late
929 2625 1036 2695 patent.
1077 2619 1263 2678 Admonebat
1272 2639 1316 2679 me

352 2728 406 2778 res,
420 2716 453 2766 ut
475 2710 530 2768 hoc
555 2729 667 2788 quoque
688 2710 751 2767 loco
772 2709 1007 2767 intermissionem
1028 2709 1204 2786 eloquentiae,
1219 2729 1255 2768 ne
1276 2710 1317 2768 di·

353 2819 416 2858 cam
428 2800 580 2869 interitum,
592 2800 786 2877 deplorarem:
807 2799 836 2856 ni
847 2818 965 2867 vererer,
976 2818 1012 2856 ne
1027 2800 1063 2857 de
1076 2819 1122 2857 me
1136 2799 1198 2878 ipso
1213 2800 1317 2877 aliquid

354 2890 464 2949 viderer
478 2891 565 2969 queri.
608 2891 667 2949 Sed
689 2898 785 2949 tamen
798 2889 936 2958 videmus,
952 2890 1054 2966 quibus
1075 2890 1205 2948 extinctis
1226 2896 1316 2949 orato·

353 2981 440 3049 ribuS,
455 3000 541 3058 quam
563 2982 592 3039 in
614 2981 711 3057 paucis
726 3000 800 3058 spes,
815 2987 923 3058 quanto
943 2980 971 3037 in
993 2980 1173 3058 paucioribus
1186 2980 1316 3048 facultas,

304 3077 337 3129 11
354 3090 440 3149 quam
453 3071 483 3129 in
495 3070 593 3128 multis
608 3071 644 3127 sit
657 3069 784 3128 audacia.
821 3071 894 3128 Cum
909 3077 1004 3127 autem
1019 3088 1115 3127 omnes
1129 3089 1185 3127 uon
1200 3071 1316 3147 possint,

353 3181 389 3219 ne
402 3161 485 3219 multi
497 3160 621 3237 quidem,
637 3165 687 3216 aut
707 3159 779 3237 juris
803 3160 886 3237 periti
905 3179 975 3228 esse,
991 3167 1041 3217 aut
1055 3160 1152 3216 diserti
1161 3180 1168 3228 ;
1189 3160 1257 3218 licet
1276 3167 1317 3218 ta-

353 3268 520 3327 manopera
533 3249 668 3327 prodesse
682 3249 787 3317 multis,
802 3251 937 3308 beneficia
951 3257 1104 3328 petentem,
1120 3250 1316 3308 commendan·

353 3347 413 3397 tem
432 3339 584 3417 judicibus,
598 3339 819 3417 magistratibus,
834 3341 998 3419 vigilantem
1019 3360 1071 3417 pro
1085 3360 1116 3398 re
1130 3340 1254 3409 alterius,
1271 3359 1318 3398 eos

354 3430 439 3508 ipsos,
455 3429 503 3505 qui
524 3437 574 3486 aut
594 3429 787 3499 consuluntur,
803 3437 855 3488 aut
873 3429 1038 3498 defendunt,
1053 3436 1220 3508 rogantem:
1242 3429 1319 3507 quod

355 3519 404 3597 qui
416 3519 531 3587 faciunt,
547 3520 700 3597 plurimum
718 3520 818 3599 gratiae
835 3527 1052 3598 consequuntur,
1068 3520 1259 3596 latissimeque
1273 3539 1316 3578 eo

307 3617 341 3669 12
357 3631 421 3668 rum
435 3618 533 3667 manat
546 3610 691 3669 industria.
733 3611 751 3670 J
753 3630 799 3668 am
819 3610 890 3668 illud
911 3630 968 3668 non
990 3617 1057 3667 sunt
1077 3609 1250 3667 admouendi
1265 3607 1320 3688 (est

355 3701 430 3759 enim
442 3699 471 3759 in
484 3699 632 3780 promptu)
647 3708 680 3759 ut
694 3700 928 3769 animadvertant,
944 3719 1009 3758 cum
1026 3700 1127 3778 juvare
1141 3700 1210 3758 alios
1225 3700 1320 3770 velint,

307 3797 342 3850 13
357 3811 392 3850 ne
412 3811 484 3870 quos
505 3790 656 3849 offendant.
699 3791 783 3869 Saepe
797 3790 872 3849 euim
896 3797 947 3848 aut
970 3809 1020 3848 eos
1043 3789 1163 3856 laedunt,
1179 3808 1252 3867 quos
1264 3808 1322 3850 non
