3259 4775
664 603 806 644 umnam.
847 603 914 644 car.
930 605 970 644 vr.
1287 595 1324 648 tt

338 737 459 808 pertatem
474 731 611 801 dolorem,
625 733 804 792 amissionem
818 733 905 792 etiam
919 734 1080 802 liberorum,
1097 735 1270 814 propinquo·

336 837 389 888 run,
406 821 570 889 amicorum,
592 841 678 899 quarn
700 823 795 882 facere
819 823 942 901 cuipiam
968 825 1106 902 injuriam.
1149 827 1180 885 si
1202 829 1269 886 nihil
1287 835 1321 888 14

335 911 452 969 existimat
465 919 566 969 contra
577 921 708 971 naturam
721 914 781 972 fieri
792 914 954 972 hominibus
969 915 1112 981 violandis,
1124 917 1191 993 quid
1206 937 1270 975 curn

333 1019 358 1058 eo
367 1001 487 1069 disseras,
501 1002 550 1079 qui
564 1004 677 1065 omnino
690 1004 834 1062 hominem
848 1023 883 1062 ex
897 1005 1009 1061 homine
1023 1006 1127 1062 tollat?
1163 1007 1212 1064 Sin
1227 1009 1269 1064 fu·
1288 1016 1322 1068 15

282 1135 288 1177 p
331 1090 446 1169 gaudum
468 1092 499 1150 id
521 1093 638 1169 quidem
659 1101 764 1162 censet,
778 1093 831 1151 sed
849 1095 943 1153 multo
955 1095 1003 1152 illa
1017 1095 1124 1171 pcjora,
1140 1105 1270 1164 mortem,

282 1185 284 1226 ἱ
332 1189 518 1259 paupertatem,
533 1182 678 1251 dolorem;
698 1190 774 1241 errat
787 1184 816 1240 in
830 1202 873 1252 eo,
888 1184 966 1261 quod
980 1183 1069 1242 ullum
1083 1191 1133 1242 aut
1148 1187 1272 1262 corporis

331 1279 369 1328 aut
378 1272 495 1331 fortunae
508 1273 607 1331 vitium
621 1274 693 1333 vitiis
706 1273 790 1332 animi
803 1274 918 1352 gravius
932 1274 1083 1332 existimat.

330 1510 335 1521 ,
359 1452 404 1512 Π.
416 1454 495 1534 Ergo
504 1474 593 1512 unum
603 1454 689 1512 debet
699 1472 761 1512 esse
771 1452 900 1512 omnibus
911 1456 1095 1532 propositum,
1105 1463 1137 1512 ut
1147 1455 1271 1514 eadem

328 1541 519 1602 ritutilitas
535 1544 823 1622 uniuscujusque
839 1552 873 1602 et
894 1545 1158 1604 universorum:
1184 1565 1269 1624 quam

331 1630 387 1691 a'ad
397 1635 559 1712 aequisque
573 1634 672 1713 rapiet,
686 1635 857 1692 dissolvetur
876 1635 965 1692 omnis
985 1637 1109 1693 humana
1122 1637 1268 1695 consortio.

331 1719 408 1800 Atque
421 1725 515 1792 etiam,
529 1725 554 1781 si
567 1724 621 1782 hoc
634 1731 736 1782 natura
756 1724 920 1802 praescribit,
936 1732 969 1781 ut
982 1724 1068 1782 homo
1082 1726 1195 1792 homini,
1210 1726 1269 1802 qui·
1285 1733 1302 1785 2

332 1829 421 1890 touque
434 1815 479 1882 sit,
493 1815 531 1873 ob
545 1833 607 1872 eam
627 1815 718 1891 ipsam
732 1833 857 1881 causam,
871 1814 950 1890 quod
963 1814 986 1870 is
1000 1815 1086 1871 homo
1100 1814 1144 1880 ait,
1160 1814 1270 1871 consul·

306 1915 310 1920 '
331 1904 461 1972 tumveiit,
474 1922 591 1962 neeesse
611 1912 655 1962 est
675 1903 832 1962 secundum
854 1904 973 1962 eandem
996 1911 1126 1960 naturam
1146 1905 1271 1961 omnium

331 1991 457 2052 utilitatem
472 2013 535 2051 csse
549 2013 735 2052 communem.
771 1994 856 2063 Quod
872 1994 895 2051 si
909 1994 948 2051 ita
962 2002 1013 2059 est,
1026 2012 1082 2050 una
1096 1994 1272 2052 continemur
1286 2001 1303 2052 3

331 2097 408 2141 munes
420 2092 450 2142 et
466 2083 568 2142 eadem
588 2084 652 2162 lege
672 2093 801 2142 naturae:
823 2084 908 2160 idque
931 2084 1024 2161 ipsum
1038 2083 1062 2141 si
1074 2084 1114 2140 ita
1128 2091 1179 2151 est,
1195 2092 1271 2143 certe

330 2169 412 2231 uiolare
425 2174 547 2232 alterum
560 2181 669 2232 naturae
684 2174 748 2252 lege
762 2173 953 2251 prohibemur.
989 2174 1097 2230 Verum
1108 2182 1204 2231 autem
1216 2175 1270 2252 pri-

329 2275 506 2331 cumrerum
518 2264 780 2343 igiturextremum.
812 2264 889 2321 Nam
903 2262 973 2320 illud
988 2263 1102 2340 quidem
1115 2265 1270 2322 absurdum
1285 2271 1302 2320 4

329 2354 447 2431 atquod
457 2354 574 2432 quidam
589 2354 696 2422 dicunt,
706 2353 817 2432 parenti
826 2371 857 2411 se
867 2361 918 2411 aut
928 2353 1008 2411 fratri
1018 2353 1084 2411 nihil
1096 2353 1271 2412 detracturos

329 2442 506 2503 tuicommodi
519 2463 621 2512 causa;
641 2445 726 2502 aliam
738 2445 876 2501 rationem
890 2462 952 2501 esse
968 2444 1070 2502 civium
1091 2444 1268 2521 reliquorum.

329 2526 423 2592 Hisibi
445 2535 515 2593 nihil
539 2535 620 2613 juris,
645 2535 753 2592 nullam
776 2534 940 2591 societatem
965 2534 1120 2591 communis
1146 2534 1302 2593 utilitatis5

329 2636 395 2681 taum
407 2631 537 2683 statuunt
550 2643 612 2682 ease
633 2644 698 2682 cum
720 2624 844 2692 civibus;
866 2642 931 2700 quae
949 2624 1087 2682 sententia
1101 2643 1212 2681 ornnem
1227 2644 1270 2681 so-

328 2708 438 2773 tietatem
461 2714 591 2772 distrahit
613 2714 740 2773 civitatis.
783 2714 838 2783 Qui
852 2721 948 2771 autem
962 2713 1063 2770 civium
1077 2713 1215 2770 rationem
1229 2714 1269 2771 di·
1286 2721 1303 2771 6

327 2810 379 2862 aaut
397 2805 567 2872 habendam,
582 2812 762 2861 externorum
783 2811 898 2881 negant,
913 2804 931 2861 ii
945 2803 1079 2861 dirimunt
1093 2822 1272 2860 communem

326 2886 423 2952 humani
435 2894 546 2974 generis
559 2894 738 2962 societatem
759 2912 815 2970 qua
829 2894 950 2961 sublata,
965 2893 1156 2959 beneficentia,
1172 2893 1270 2950 libcra-

282 3050 286 3073 ι
325 2976 381 3052 litas,
404 2985 524 3052 bonitaS,
547 2984 656 3062 justitia
678 2983 807 3041 funditus
831 2982 946 3041 tollitur.
989 2982 1061 3051 Quae
1085 2982 1133 3058 qui
1160 2982 1270 3049 tollunt,

325 3070 393 3131 etiam
403 3074 540 3133 adversus
554 3074 623 3132 deos
637 3073 809 3131 immortales
823 3073 900 3150 impii
911 3071 1057 3150 judicandi
1071 3078 1145 3129 suut.
1175 3072 1224 3129 Ab
1238 3072 1271 3129 iis
1287 3073 1303 3130 7

282 3090 290 3237 i
324 3161 382 3221 urim
395 3164 578 3222 constitutam
591 3164 664 3220 inter
683 3163 811 3221 homines
834 3163 997 3220 societatem
1020 3169 1167 3219 evertunt:
1190 3163 1272 3239 cujus

282 3240 286 3339 Ι
323 3253 448 3312 uarietatis
462 3253 633 3311 artissimum
646 3253 789 3311 vinculum
803 3259 856 3320 est,
870 3251 961 3330 magis
981 3251 1110 3310 arbitrari
1130 3271 1192 3309 esse
1207 3271 1271 3309 con-

282 3344 285 3397 i
323 3344 356 3399 tra
365 3351 505 3410 naturam,
517 3343 661 3400 hominem
674 3342 780 3400 homini
800 3342 949 3400 detrahere
964 3342 1006 3398 sui
1021 3341 1162 3399 commodi
1176 3360 1269 3408 causa,

282 3440 284 3445 '
320 3447 393 3507 quam
407 3433 502 3492 omnia
514 3432 693 3491 incommoda
713 3432 807 3490 subire
821 3432 866 3489 vel
880 3439 1003 3497 externa,
1018 3432 1064 3488 vel
1078 3430 1210 3507 corporis,
1225 3431 1269 3488 vel

318 3522 392 3580 etiam
410 3523 501 3600 ipsius
522 3522 614 3590 animi,
636 3540 700 3598 quae
723 3529 824 3579 vacent
843 3521 986 3599 injustitia.
1029 3521 1100 3578 Haec
1120 3520 1193 3577 enim
1214 3528 1302 3578 unat]

316 3611 395 3671 virtus
409 3613 535 3671 omnium
548 3618 592 3670 est
606 3611 718 3669 domina
729 3618 757 3668 et
771 3612 868 3690 regina
878 3611 1022 3668 virtutum.
1053 3610 1183 3667 Forsitan
1196 3612 1269 3687 quis-

311 3702 382 3781 piam
398 3702 514 3759 dixerit:
536 3701 638 3759 Nonne
650 3702 738 3779 igitur
751 3702 870 3778 sapiens,
885 3701 908 3757 si
922 3701 997 3757 fame
1017 3700 1077 3776 ipse
1097 3701 1270 3766 conficiatur,

309 3792 456 3852 abstulerit
470 3792 565 3850 cibum
579 3791 667 3859 alteri,
677 3791 782 3849 homini
795 3791 833 3847 ad
846 3790 953 3848 nullam
967 3809 1027 3846 rem
1041 3790 1126 3847 utili?
1157 3789 1270 3845 Minime

306 3902 381 3943 vero,
425 3882 493 3940 Non
506 3882 579 3940 enim
593 3881 662 3939 mihi
675 3888 719 3938 est
732 3881 790 3939 vita
803 3899 867 3938 mea
886 3880 988 3946 utilior,
1003 3899 1089 3957 quam
1109 3879 1192 3936 animi
1206 3878 1302 3935 talisi)

303 3973 429 4037 affectio,
444 3971 584 4029 neminem
596 3977 631 4029 ut
644 3971 745 4030 violem
766 3971 906 4029 commodi
919 3970 974 4028 mei
987 3969 1086 4049 gratia.
1128 3967 1225 4038 Quid?
1247 3966 1270 4022 si
