3259 4775
633 416 719 455 traua
732 417 774 456 111.
817 417 884 457 our.
899 418 946 457 xv.
1232 406 1287 458 103

240 539 243 544 '
293 539 383 601 multa?
395 544 537 622 impetrat.
565 545 642 603 Emit
650 546 736 604 homo
745 546 866 625 cupidus
875 555 905 605 et
913 548 1040 626 locuples
1049 548 1128 616 tanti,
1139 549 1236 625 quanti

251 709 257 722 ι
294 624 395 705 Pythius
406 634 504 703 voluit,
519 642 550 693 et
570 636 638 694 emit
657 637 819 709 instructos.
862 638 985 695 Nomina
998 638 1074 704 facit,
1089 639 1235 717 negotium

294 721 390 783 conficit.
428 723 534 783 Invitat
543 726 648 784 (lanius
662 727 798 803 postridie
809 728 961 786 familiares
971 748 1045 786 suos.
1078 729 1164 787 Venit
1174 730 1268 807 ipsae

293 817 388 872 mature.
428 815 576 874 Soalmum
589 818 699 875 nullum
710 818 796 876 videt.
830 817 937 887 Quaerit
950 838 984 876 ex
996 819 1124 896 proximo
1133 820 1233 888 vicino,

218 969 221 978 ,
293 913 345 958 num
362 905 434 962 feria
454 906 589 983 quoedam
612 907 785 985 piscatorum
807 916 911 975 essent,
927 910 1004 987 quod
1019 929 1068 966 eos
1089 909 1181 968 nullos
1195 910 1234 967 vi·

293 983 362 1052 deret
398 995 502 1065 Nulla,
517 996 596 1074 quod
609 998 706 1066 seiam,
721 998 767 1055 ille
788 998 888 1076 inquit,
904 999 955 1057 sed
978 999 1023 1057 hio
1044 1000 1146 1077 piscari
1166 1000 1235 1057 nulli

230 1161 238 1168 Ι.
292 1077 378 1141 uolent:
390 1085 485 1163 itaque
496 1087 557 1145 heri
567 1087 699 1157 mirabar,
712 1088 781 1165 quid
792 1089 950 1147 accidisset.
992 1089 1170 1147 Stomachari
1180 1091 1233 1147 Oa-

292 1165 346 1229 llut.
380 1174 439 1234 Sed
447 1175 516 1253 quid
526 1178 655 1236 faceret?
691 1177 829 1237 Nondum
840 1181 913 1237 enim
924 1179 1075 1257 Aquillius,
1087 1180 1196 1259 collega
1205 1187 1266 1238 etit

262 1269 266 1276 '
291 1253 408 1324 similaris
428 1285 519 1336 meus,
535 1268 694 1345 protulerat
707 1269 744 1326 de
758 1269 826 1327 dolo
843 1270 917 1327 malo
937 1271 1081 1329 formulas.
1124 1272 1158 1328 In
1171 1272 1231 1348 qui-
1250 1277 1286 1328 10

291 1342 332 1407 bus
349 1353 411 1433 ipsis
435 1377 502 1416 eum
525 1377 562 1415 ex
582 1378 616 1416 eo
636 1367 820 1436 quareretur,
835 1360 904 1436 quid
928 1370 1004 1419 esset
1028 1361 1111 1419 dolus
1131 1362 1232 1429 malua,

290 1446 466 1519 mundabat,
476 1467 543 1506 oum
557 1456 633 1507 esset
647 1450 724 1507 aliud
738 1450 912 1518 simulatum,
922 1451 1000 1508 aliud
1021 1459 1127 1509 actum.
1169 1453 1232 1509 Hoc

289 1532 382 1604 quidem
394 1556 462 1595 sane
475 1537 668 1606 luculentam
681 1541 718 1598 ab
732 1540 845 1597 homino
860 1541 951 1617 perito
963 1541 1120 1598 definiendi.
1154 1543 1232 1620 Ergo
1249 1549 1282 1601 ll

287 1625 309 1677 tt
318 1623 430 1703 Pythius
454 1636 484 1686 et
505 1647 604 1687 omnes
626 1630 704 1687 aliud
726 1638 853 1708 agentes
869 1630 947 1688 aliud
969 1631 1143 1697 simulantes,
1166 1651 1230 1708 per-

286 1707 329 1783 fidi,
340 1718 467 1796 improbi,
481 1719 620 1777 malitiosi.
663 1719 782 1777 Nullum
796 1721 884 1799 igitur
897 1739 996 1778 eorum
1010 1720 1120 1778 factum
1134 1729 1230 1799 potest

284 1804 337 1865 otte
350 1827 420 1876 esse,
436 1829 503 1867 oum
517 1810 553 1867 sit
566 1817 611 1867 tot
624 1810 699 1867 vitiis
713 1810 899 1888 inquinatum.

309 1988 368 2048 XV.
384 1989 495 2059 Quodsi
502 1989 665 2067 Aquilliana
674 1991 799 2050 definitio
809 2012 876 2050 vera
888 2000 940 2059 ost,
948 2011 985 2050 ex
995 1994 1071 2051 omni
1081 1994 1139 2050 vita
1147 1994 1231 2052 simu·

278 2073 334 2138 latio
346 2080 591 2157 dissimulatioque
604 2081 731 2139 tollenda
745 2089 797 2140 est.
840 2084 886 2140 Ita
906 2102 957 2141 nec
978 2090 1011 2141 ut
1033 2090 1110 2141 emat
1122 2085 1231 2152 melius,

276 2185 321 2230 ree
334 2176 367 2229 ut
381 2171 496 2237 vendat,
505 2171 657 2248 quicquam
669 2172 812 2230 simulabit
823 2181 874 2230 aut
883 2173 1071 2232 dissimulabit
1079 2174 1122 2232 vir
1130 2175 1229 2233 bonus.

272 2261 363 2340 Atque
376 2262 430 2320 iste
444 2263 527 2320 dolus
541 2263 632 2319 malus
647 2269 676 2320 ct
688 2263 800 2342 legibus
821 2256 883 2321 erat
896 2264 1063 2333 vindicatus,
1083 2264 1130 2342 (ut
1143 2265 1232 2323 tutela
1247 2272 1263 2322 2

270 2350 415 2413 duodecim
423 2352 537 2421 tabulis,
545 2353 766 2432 circumscriptio
777 2354 999 2413 adolescentium
1006 2356 1070 2433 lege
1076 2354 1231 2434 Plaetoria)

268 2443 834 2522 etsiuelegejudiciis,inquibusadditur
857 2465 900 2502 nx
922 2466 1007 2502 urna
1032 2464 1140 2505 noua.
1176 2447 1263 2503 lto-3

266 2533 406 2613 liquorum
418 2539 515 2591 autem
526 2533 699 2611 judiciorum
712 2535 774 2592 haec
785 2536 873 2594 verba
887 2537 1008 2592 maxime
1023 2537 1181 2594 excellunt:
1203 2536 1231 2592 in

265 2624 379 2684 arbitrio
391 2624 433 2681 rei
444 2624 559 2691 uxoriae,
580 2644 719 2683 umarus
746 2645 912 2691 maurus:
933 2627 961 2683 in
976 2626 1087 2693 fiducia,
1113 2647 1154 2684 ur
1181 2646 1231 2683 ru-

264 2734 332 2772 m
359 2733 483 2773 aoros
510 2734 608 2771 anun
633 2733 756 2774 aaran.
799 2716 975 2794 Quidergo‘?
995 2717 1086 2773 autin
1100 2717 1264 2792 eo,quod4

263 2824 399 2864 risurus
426 2822 582 2872 maurus,
605 2806 1082 2884 potestullaparsinessefraudis‘i
1097 2814 1231 2873 anteum

265 2895 367 2955 dicitur
386 2914 499 2953 rurus
521 2914 636 2955 noros
660 2917 754 2955 anun
776 2916 902 2965 aaran,
917 2895 1231 2975 quioquamagidolose

262 2994 313 3045 aut
325 2985 466 3043 malitiose
480 2987 599 3063 potest?
640 2988 732 3045 Dolus
746 2996 843 3046 autem
857 2987 949 3045 malus
960 2987 988 3044 in
1000 2986 1187 3054 simulatione,
1197 2995 1230 3045 ut
1245 2998 1263 3048 5

262 3076 302 3135 cit
310 3076 465 3154 Aquillius,
477 3076 645 3136 continetur.
686 3078 855 3137 Tollendum
869 3085 914 3136 est
927 3078 1013 3157 igitur
1024 3098 1059 3136 ex
1069 3078 1154 3135 rebus
1165 3098 1231 3136 oon·

261 3166 408 3225 trahendis
419 3185 502 3224 omne
512 3167 701 3226 mendacium.
744 3168 810 3226 Non
821 3168 1016 3226 inlicitatorem
1026 3169 1164 3237 venditor,
1175 3188 1231 3227 non
1246 3176 1263 3228 6

262 3257 313 3335 qui
332 3263 432 3315 contra
451 3257 609 3325 reliceatur,
625 3265 738 3336 emptor
758 3266 892 3336 apponet.
933 3260 1070 3336 Uterque,
1086 3260 1109 3317 si
1122 3260 1160 3317 ad
1174 3260 1231 3318 elo·

260 3347 410 3425 quendum
424 3347 541 3414 venerit,
556 3367 614 3405 non
628 3349 800 3426 plusquam
814 3349 911 3416 semel,
922 3350 1077 3427 eloquetur.
1120 3351 1154 3420 Q.
1170 3351 1229 3428 qui-
1246 3352 1262 3408 7

261 3437 330 3496 dem
345 3436 483 3505 Scaevola,
498 3438 532 3496 P.
548 3438 590 3506 F,
607 3459 673 3496 cum
693 3439 876 3516 postulasset,
892 3447 925 3497 ut
945 3440 999 3498 sibi
1017 3440 1132 3508 fundus,
1148 3442 1230 3519 eujus

259 3534 376 3607 emptor
394 3535 465 3597 erat,
487 3529 576 3586 semel
597 3529 777 3597 indicaretur,
791 3529 879 3606 idque
899 3531 1030 3589 venditor
1049 3531 1088 3588 ita
1108 3531 1230 3598 fecisset,

258 3619 343 3686 dixit,
357 3634 389 3676 se
403 3619 493 3697 pluris
508 3619 663 3677 aestimare:
684 3620 794 3678 addidit
809 3627 924 3678 eentum
944 3622 1028 3680 milia.
1069 3622 1162 3679 Nemo
1177 3628 1228 3687 est,
1252 3627 1268 3678 8

256 3710 311 3789 qui
333 3709 389 3767 hoc
402 3709 454 3768 viri
474 3709 541 3768 boni
562 3709 649 3767 fuisse
669 3717 772 3789 ueget;
794 3711 937 3788 sapientis,
952 3719 1074 3790 negant:
1095 3718 1129 3768 ut
1142 3711 1166 3766 si
1178 3710 1229 3766 mi·

256 3799 348 3869 noris,
362 3818 450 3879 quam
470 3799 619 3879 potuisset,
635 3800 818 3860 vendidisset.
860 3801 932 3859 Haec
946 3801 1033 3879 igitur
1047 3808 1091 3858 est
1103 3800 1151 3857 illa
1165 3817 1229 3877 per·
1244 3806 1262 3858 9
