3259 4775
620 617 706 655 nnana
719 617 763 657 m.
805 616 870 657 cnr.
886 618 987 657 xxx111.
1259 605 1315 659 121

286 765 346 826 quo
361 747 552 808 ascensoribus
563 747 694 805 omnibus
708 747 866 825 ignominiis
880 755 1001 806 notatos.
1044 747 1089 806 Sit
1100 749 1160 827 jam
1174 746 1262 826 hujus
1278 754 1314 808 10

286 838 344 899 loci
358 839 430 897 finis.
462 837 651 915 Perspicuum
671 843 715 894 est
729 838 811 905 enim,
828 856 870 906 ea,
886 858 951 916 quae
972 838 1072 896 timido
1092 840 1195 906 animo,
1209 839 1263 896 hu·

288 931 358 999 mili,
374 930 505 997 demisso,
521 930 669 1005 fractoque
683 928 752 985 fiant
767 928 866 1006 (quale
879 929 979 987 fuisset
993 930 1097 1009 Reguli
1110 930 1227 997 sactum,
1239 929 1263 989 si

289 1029 341 1081 aut
355 1021 393 1080 de
408 1020 535 1099 captivis,
551 1019 628 1097 quod
648 1019 703 1097 ipsi
716 1038 790 1097 opus
810 1039 873 1077 esso
887 1020 1039 1087 rideretur,
1054 1040 1111 1077 non
1131 1020 1209 1097 quod
1223 1020 1263 1079 rei

291 1112 426 1190 publicae,
442 1110 606 1177 censuisset,
622 1116 672 1166 aut
693 1108 771 1166 domi
791 1129 938 1168 remanere
953 1109 1100 1189 voluisset)
1115 1130 1172 1168 non
1200 1130 1262 1169 esse

292 1203 379 1272 utilia,
395 1202 462 1280 quia
475 1202 531 1260 sint
544 1200 693 1279 flagitiosa,
708 1200 796 1268 soeda,
811 1200 916 1277 turpia.

325 1383 469 1443 XXXIII.
481 1385 583 1441 Restat
593 1389 694 1459 quarta
705 1401 781 1459 pars,
792 1401 858 1459 quae
868 1382 979 1451 decore,
989 1383 1191 1451 moderatione,
1201 1402 1261 1442 mo·

287 1473 391 1543 doctis,
402 1474 581 1541 continentia,
591 1473 781 1550 temperantia
790 1473 957 1532 continetur.
980 1474 1082 1532 Potest
1089 1474 1177 1552 igitur
1185 1475 1261 1552 quic·
1277 1481 1293 1533 2

286 1583 377 1644 qnam
391 1583 454 1623 esse
467 1564 545 1633 utile,
560 1563 638 1641 quod
653 1563 689 1621 sit
702 1563 768 1620 huic
782 1563 883 1621 talium
897 1564 1035 1621 virtutum
1051 1565 1137 1623 choro
1151 1572 1262 1623 contra-

286 1655 385 1713 rium?
421 1654 512 1732 Atqui
525 1656 563 1713 ab
576 1653 727 1731 Aristippo
742 1653 898 1730 Cyrenaici,
911 1661 997 1731 atque
1012 1656 1156 1713 Annicerii
1170 1656 1261 1733 pbilo-
1276 1662 1294 1713 3

286 1745 375 1824 sophi
396 1745 540 1813 nominati,
556 1744 759 1802 omnebonum
779 1744 808 1801 in
822 1744 970 1822 voluptate
993 1753 1159 1821 posuerunt,
1174 1746 1261 1803 virtu·

286 1842 407 1913 temque
429 1841 599 1893 censuerunt
621 1834 658 1892 ob
678 1852 742 1892 eam
762 1853 823 1891 rem
837 1853 899 1891 esso
913 1834 1096 1903 laudandam,
1111 1836 1189 1912 quod
1203 1836 1261 1893 effi-

286 1927 365 1985 ciens
380 1935 457 1984 esset
469 1925 633 2003 voluptatis
649 1924 752 2003 quibus
767 1924 902 1983 obsoletis
922 1924 1006 1982 floret
1018 1925 1169 2003 Epicurus,
1185 1928 1260 2003 ejus-

286 2017 356 2076 dem
368 2018 430 2075 fere
444 2017 560 2095 adjutor
577 2022 733 2093 auctorque
748 2016 904 2073 sententiae.
941 2015 1016 2072 Cum
1030 2015 1074 2073 his
1088 2016 1154 2073 viris
1168 2016 1259 2094 equis-
1275 2020 1294 2073 4

286 2127 353 2188 qne,
368 2113 404 2165 ut
417 2106 529 2174 dicitur,
544 2106 567 2163 si
580 2107 761 2163 honestatem
779 2106 854 2163 tucri
867 2125 900 2163 ac
915 2106 1035 2163 retinere
1056 2106 1194 2163 sententia
1207 2113 1259 2174 est,

286 2197 494 2257 decertandum
509 2203 560 2254 cst.
602 2196 679 2254 Nam
693 2196 787 2253 sinon
800 2196 887 2253 modo
900 2196 1016 2263 utilitas,
1032 2195 1083 2253 sed
1097 2196 1155 2253 vita
1169 2196 1259 2254 omnis
1274 2205 1293 2256 5

286 2289 381 2355 beata,
398 2287 522 2365 corporis
542 2286 623 2343 firma
639 2286 839 2343 constitutione
854 2286 973 2363 ejusque
987 2286 1193 2344 constitutionis
1208 2306 1260 2365 spe

286 2378 446 2458 explorata,
467 2384 501 2435 ut
521 2397 538 2434 a
558 2375 722 2435 Metrodoro
743 2377 881 2455 scriptum
902 2383 954 2445 est,
977 2378 1154 2436 continetur:
1183 2385 1260 2436 certe

286 2470 351 2528 baec
364 2470 481 2539 utilitas,
497 2468 656 2546 etquidem
670 2487 790 2535 summa,
807 2466 859 2548 (sic
878 2469 952 2526 enim
974 2467 1112 2548 censent)
1129 2489 1195 2527 cum
1208 2471 1258 2527 ho-

286 2567 401 2619 nestate
411 2559 561 2638 pugnabit.
586 2558 663 2616 Nam
673 2558 723 2616 ubi
733 2559 857 2636 prImum
868 2558 1028 2638 prudentiae
1035 2561 1114 2618 locus
1125 2560 1259 2618 dabitur?
1274 2566 1292 2618 6

286 2650 345 2719 An,
360 2656 395 2708 ut
409 2650 555 2727 conquirat
569 2649 694 2727 undique
714 2649 892 2707 suavitates?
934 2651 1028 2718 Quam
1048 2651 1133 2708 miser
1146 2651 1258 2709 virtutis
1274 2651 1290 2709 ’1

286 2740 453 2808 famulatus,
466 2739 611 2798 servientis
623 2739 778 2817 voluptati!
810 2740 895 2809 Quod
906 2748 1002 2797 autem
1015 2760 1120 2797 munus
1134 2740 1257 2818 pruden-

286 2832 356 2890 tiae?
387 2831 438 2889 An
451 2831 546 2909 legere
559 2830 749 2909 intelligenter
759 2830 944 2908 voluptates?
975 2830 1034 2887 Fae
1049 2830 1117 2888 nihil
1131 2830 1185 2887 isto
1196 2849 1257 2888 esse

286 2921 459 3001 jucundius:
481 2920 549 2998 quid
564 2920 681 2999 cogitari
695 2926 791 2997 potest
804 2920 940 2998 turpius?
980 2919 999 2978 J
1001 2939 1055 2987 am,
1068 2920 1116 2996 qui
1130 2919 1257 2977 dolorem
1272 2927 1290 2978 8

286 3030 432 3071 summum
452 3011 560 3069 malum
575 3010 659 3079 dicat,
675 3010 754 3089 apud
768 3030 834 3068 eum
849 3029 934 3087 quem
954 3010 1042 3067 habet
1062 3010 1157 3066 locum
1178 3009 1257 3068 forti·

286 3101 366 3169 tudo,
382 3120 448 3178 quae
466 3107 510 3160 est
524 3100 654 3158 dolorum
675 3101 861 3178 laborumque
882 3100 1079 3178 contemptio?
1121 3101 1288 3169 Quamvis?

286 3192 362 3251 enirn
374 3191 472 3249 multis
487 3191 555 3248 locis
569 3190 646 3248 dicat
659 3191 808 3269 Epicurus,
824 3191 906 3249 sicuti
920 3190 996 3258 dicit,
1012 3191 1080 3248 satis
1093 3190 1205 3249 fortiter
1219 3191 1255 3249 de

286 3281 403 3341 dolore:
423 3287 521 3339 tamen
538 3300 594 3339 non
614 3282 644 3339 id
664 3282 852 3360 spectandum
872 3288 924 3350 est,
939 3281 1008 3358 quid
1022 3280 1106 3349 dicat,
1122 3280 1173 3339 sed
1187 3282 1255 3358 quid

286 3377 508 3431 consentaneum
523 3372 559 3429 sit
573 3372 599 3429 ei
613 3372 714 3440 dicere,
729 3373 778 3451 qui
798 3374 874 3431 bona
887 3373 1035 3450 voluptate
1054 3372 1254 3441 terminaverit,

286 3463 363 3520 mala
376 3461 493 3520 dolore:
515 3470 557 3531 ut,
573 3462 597 3520 si
617 3463 696 3520 illurn
718 3462 832 3520 audiam
851 3463 887 3521 de
906 3462 1076 3521 coutinentia
1096 3469 1125 3520 et
1145 3469 1254 3542 tempe-

286 3551 385 3621 rantia,
400 3552 470 3611 dicit
483 3553 531 3610 ille
544 3553 660 3630 quidem
675 3553 766 3611 multa
779 3553 878 3611 multis
892 3553 980 3621 locis;
1002 3553 1053 3611 sed
1067 3571 1143 3630 aqua
1153 3554 1253 3622 haeret,

286 3648 318 3701 ut
328 3642 417 3701 aiunt.
452 3642 588 3720 Numqui
602 3650 698 3721 potest
708 3644 924 3721 temperantiam
935 3643 1052 3702 laudare
1062 3644 1095 3713 is,
1107 3645 1156 3721 qui
1166 3652 1255 3723 ponat
1270 3651 1306 3702 10

286 3750 430 3790 summum
440 3733 547 3791 bonum
560 3733 588 3790 in
598 3734 770 3810 voluptate?
808 3734 861 3791 Est
874 3735 947 3792 enim
961 3735 1150 3812 temperantia
1163 3736 1253 3793 libidi-

286 3838 354 3881 num
363 3822 483 3890 inimica,
495 3823 623 3882 libidines
634 3832 731 3880 antem
741 3825 957 3883 consectatrices
969 3825 1132 3902 voluptatis,
1153 3825 1252 3901 Atque
1269 3829 1304 3882 11

287 3904 378 3981 labis
396 3919 494 3971 tamen
513 3913 604 3971 tribus
625 3913 784 3992 generibus,
805 3934 920 3991 quoquo
940 3914 1027 3972 modo
1048 3920 1176 3991 possunt,
1196 3932 1253 3970 non

289 3996 414 4062 incallide
428 4003 658 4082 tergiversantur.
700 4003 885 4062 Prudentiam
899 4004 1091 4071 introducunt,
1107 4002 1252 4070 scientiam
1268 4007 1304 4070 12

544 4089 578 4141 II
