3259 4775
635 608 723 646 mnes
742 608 786 648 ιιι.
829 608 895 648 eis.
917 611 976 649 xix.
1260 595 1315 650 107

306 743 348 794 trs
361 737 418 796 hoc
432 736 497 795 loco
510 736 706 795 disserendum
719 746 781 796 est:
803 738 852 816 qui
866 757 922 796 non
936 740 1029 798 verbis
1043 750 1109 799 sunt
1123 749 1153 798 et
1166 741 1263 817 dispu-

304 826 399 885 anone
414 827 660 905 philosophorum,
674 828 726 886 sed
739 828 837 886 vinclis
851 836 881 887 et
894 848 1007 888 carcere
1020 831 1167 910 fafigandi.
1203 831 1262 890 Sed

300 926 355 976 tuac
370 918 668 995 consideremusque
681 914 826 986 faciuntii,
838 919 887 996 qui
901 919 1043 978 habentur
1056 922 1130 981 boni.
1166 921 1199 981 L.
1209 922 1262 980 lii·
1277 929 1295 980 3

299 1007 365 1066 nucii
379 1007 476 1075 Basili,
490 1007 641 1085 locupletis
655 1008 784 1076 hominis,
799 1009 904 1067 falsum
924 1016 1126 1069 testamentum
1146 1012 1262 1089 quidum

296 1117 309 1156 e
322 1098 438 1157 Graecia
449 1099 571 1158 Romam
585 1099 750 1158 attulerunt.
792 1099 878 1168 Quod
892 1119 950 1176 quo
964 1100 1072 1158 facilius
1093 1102 1261 1171 obtinerent,
1277 1109 1295 1161 4

294 1188 468 1267 scripserunt
489 1188 609 1247 heredes
631 1207 728 1247 secum
750 1188 790 1247 M.
808 1190 945 1247 Crassum
966 1197 996 1248 et
1016 1191 1050 1260 Q,
1067 1190 1260 1261 Hortensium,

293 1278 420 1338 homines
432 1279 562 1357 ejusdem
574 1279 665 1337 etatis
679 1280 890 1357 potentissimos
902 1299 908 1337 :
931 1281 987 1358 qui,
1000 1301 1066 1339 cum
1075 1280 1145 1340 illud
1157 1282 1261 1342 falsum

291 1389 353 1428 esse
367 1370 589 1448 suspicarentur,
604 1370 657 1428 sibi
677 1378 774 1428 autem
795 1371 901 1428 nullius
922 1377 1017 1428 essent
1039 1372 1142 1430 conscii
1156 1373 1260 1450 eulpae,

290 1461 374 1520 alieni
386 1460 518 1519 facinoris
528 1460 730 1518 munusculum
743 1479 800 1518 non
813 1461 1044 1538 repudiaverunt.
1080 1462 1156 1531 Quid
1170 1465 1261 1542 ergo?
1276 1472 1294 1524 5

290 1550 374 1609 satin'
386 1559 433 1609 est
445 1551 509 1619 hoc,
517 1555 550 1608 nt
563 1569 620 1609 non
634 1550 784 1629 deliquisse
795 1551 966 1610 videantur?
1002 1552 1072 1611 Mihi
1080 1553 1196 1631 quidem
1206 1574 1262 1612 non

290 1642 423 1700 videtur:
444 1658 618 1719 quamquam
636 1641 757 1699 alterum
772 1641 868 1699 vivum
890 1642 991 1710 amavi,
1008 1643 1130 1701 alterum
1143 1664 1200 1703 non
1214 1645 1262 1703 odi

289 1738 446 1792 mortuum.
487 1730 546 1789 Sed
567 1751 633 1789 cum
647 1732 758 1804 Basilus
773 1732 812 1790 M.
829 1732 963 1798 Satrium,
984 1734 1086 1791 sororis
1100 1734 1196 1801 filium,
1211 1754 1261 1793 no·
1277 1741 1294 1793 6

289 1842 356 1882 men
377 1841 462 1880 suum
482 1821 556 1879 ferre
577 1821 721 1889 voluisset,
737 1841 860 1899 eumque
883 1822 999 1881 fecisset
1020 1823 1156 1881 heredem
1173 1823 1262 1903 (huuc

289 1913 355 1974 dico
369 1919 522 1991 patronum
539 1912 603 1991 agri
615 1912 713 1970 Piceni
733 1920 762 1970 et
783 1912 898 1970 Sabini:
920 1933 938 1970 o
952 1919 1066 1989 turpem
1079 1920 1177 1971 notam
1191 1922 1262 1972 tem-

289 2023 395 2083 porum
404 2003 517 2062 illorum
526 2002 546 2081 l)
557 2023 625 2061 num
636 2010 697 2061 erat
708 2022 831 2080 oequum,
842 2004 984 2081 principes
994 2004 1063 2062 civis
1071 2023 1132 2061 rem
1144 2004 1259 2074 habere,

289 2094 328 2154 ad
344 2094 472 2153 Satrium
486 2094 554 2152 nihil
570 2101 789 2171 praeternomen
800 2094 970 2172 pervenire?
1011 2094 1124 2152 Etenim
1136 2094 1159 2152 si
1170 2094 1201 2161 is,
1215 2096 1263 2173 qui
1278 2098 1294 2156 7

289 2204 348 2244 non
363 2185 490 2244 defendit
509 2184 648 2262 injuriam,
663 2203 756 2261 neque
777 2185 936 2262 propulsat,
952 2205 1019 2243 cum
1037 2192 1142 2263 potest,
1158 2186 1262 2265 injuste

289 2276 366 2344 fecit,
381 2281 415 2334 ut
428 2274 457 2332 in
471 2274 563 2352 primo
582 2275 655 2333 libro
675 2275 810 2343 disserui;
832 2275 923 2352 qualis
945 2275 1094 2334 habendus
1110 2277 1199 2345 estis,
1214 2279 1262 2355 qui

289 2385 347 2427 non
370 2365 457 2425 modo
476 2384 534 2424 non
554 2365 676 2443 repellit,
691 2365 743 2424 scd
758 2365 843 2424 etiam
857 2366 977 2445 adjuvat
996 2366 1150 2447 injuriam?
1192 2368 1261 2428 Mihi
1278 2376 1295 2428 8

290 2457 407 2535 quidem
431 2457 517 2514 etiarn
540 2476 616 2515 verae
639 2456 813 2514 hereditates
837 2477 894 2514 non
918 2458 1048 2518 honestae
1073 2460 1214 2527 videntur,
1236 2461 1260 2519 si

290 2554 358 2607 sunt
378 2546 524 2605 malitiosis
543 2547 694 2615 blanditiis,
710 2547 866 2606 officiorum
885 2567 943 2607 non
962 2550 1082 2608 veritate
1102 2552 1154 2609 sed
1175 2551 1261 2609 simu-

290 2638 403 2705 latione,
421 2637 560 2715 quaesitae.
602 2637 694 2715 Atqui
712 2637 741 2695 in
754 2637 859 2696 talibus
880 2640 966 2697 rebus
987 2640 1065 2698 aliud
1086 2641 1156 2698 utile
1176 2641 1261 2699 inter·
1277 2647 1295 2699 9

290 2728 371 2797 dum,
385 2727 463 2786 alind
476 2728 629 2787 honestum
644 2728 733 2786 videri
747 2729 828 2787 solet.
870 2728 964 2787 Falso.
1007 2729 1083 2788 Nam
1095 2730 1196 2788 eadem
1207 2730 1262 2789 uti-

290 2818 387 2887 litatis,
403 2837 470 2896 quaa
484 2818 649 2886 honestatis,
665 2825 710 2877 est
723 2820 831 2898 regula.
874 2819 930 2889 Qui
947 2821 1003 2878 hoc
1023 2839 1079 2878 non
1100 2820 1261 2898 perviderit,
1279 2826 1315 2878 10

292 2910 398 2969 abhoc
408 2908 486 2967 nulla
499 2909 579 2967 fraus
589 2910 687 2977 aberit,
697 2910 808 2968 nullum
818 2909 935 2968 facinus.
971 2909 1018 2967 Sic
1029 2911 1103 2967 enim
1116 2910 1261 2988 cogitans:
1279 2915 1313 2968 ll

294 2999 350 3059 Eat
369 3001 441 3057 istac
453 3000 565 3075 quidem
584 3001 735 3068 honestum,
751 3019 848 3057 oerum
860 3001 909 3057 lme
921 2999 1028 3073 expedit
1036 3018 1049 3071 ;
1072 3018 1117 3056 res
1130 3019 1148 3055 a
1161 3006 1263 3057 natura

292 3090 442 3170 copulatas
462 3090 580 3149 audebit
603 3110 698 3150 errore
720 3090 871 3158 divellere;
902 3089 952 3166 qui
973 3089 1037 3146 fons
1058 3097 1102 3148 est
1110 3089 1262 3157 fraudium,

291 3179 504 3247 maleficiorum,
519 3182 658 3239 scelerum
671 3181 805 3240 omnium.

332 3361 413 3420 xlx.
434 3362 537 3439 Itaque
555 3361 579 3419 si
598 3362 751 3420 virbonus
771 3362 877 3420 habeat
898 3363 971 3420 hanc
985 3360 1053 3429 vim,
1068 3369 1110 3429 ut,
1130 3360 1154 3418 si
1168 3359 1264 3440 digitis

292 3452 499 3530 concrepuerit,
521 3451 612 3529 possit
631 3452 660 3510 in
679 3451 865 3529 locupletium
887 3458 1059 3510 testamenta
1078 3469 1183 3509 nomen
1202 3451 1265 3530 ejus

290 3543 426 3620 irrepere,
441 3543 496 3601 hac
511 3542 608 3601 vinon
621 3549 727 3610 utatur,
739 3561 775 3600 nc
788 3542 812 3600 si
826 3542 1008 3620 exploratum
1020 3541 1136 3620 quidem
1150 3541 1264 3611 habeat,

290 3633 322 3692 id
344 3633 458 3691 omnino
475 3632 617 3691 neminem
635 3652 762 3710 unquam
776 3632 995 3711 suspicaturum.
1037 3632 1080 3690 At
1094 3632 1177 3690 dares
1191 3633 1297 3692 hanct

288 3723 353 3782 aim
373 3722 413 3781 M.
429 3723 543 3791 Crasse,
560 3731 590 3781 ut
604 3723 758 3801 digitorum
780 3722 960 3801 percussione
981 3723 1064 3780 heres
1083 3729 1181 3800 posset
1199 3722 1265 3780 scri·

290 3827 366 3895 ptus
384 3812 519 3891 assequi
539 3833 571 3872 re
584 3833 651 3872 vera
664 3833 721 3872 non
739 3821 815 3871 esset
835 3814 937 3881 heres;
959 3813 988 3871 in
1001 3813 1071 3880 foro,
1087 3813 1172 3871 crede
1186 3811 1265 3879 mihi,

289 3906 422 3967 saltaret.
463 3905 560 3962 Homo
580 3911 676 3962 autem
693 3905 799 3982 justus,
814 3904 895 3981 isque
916 3922 1002 3981 quem
1023 3902 1160 3961 sentimus
1173 3901 1297 3958 virumt

292 3998 414 4062 ὸοιιιιιιι,
425 3994 494 4053 nihil
509 3995 649 4071 cuiquam,
664 3995 742 4073 quod
755 3994 784 4053 iu
797 4013 829 4052 se
843 3994 1003 4060 transferat,
1018 3991 1159 4049 detrahet.
1201 3989 1266 4048 Hoc
