3259 4775
293 609 349 662 loa
707 617 745 656 nu
767 616 895 657 osricus

341 751 381 808 ita
394 750 431 807 de
451 749 571 807 utilitate
584 748 695 814 dicitur,
711 754 744 804 ut
764 746 802 815 id,
818 746 896 825 quod
909 746 980 805 utile
993 746 1135 816 videatur,
1149 766 1204 804 non
1223 744 1290 805 modo

341 841 434 898 facere
447 841 599 898 honestum
613 838 658 906 sit,
674 837 726 895 sed
741 838 836 905 etiam,
851 837 1024 905 nonfacere,
1039 844 1136 915 turpe.
1180 838 1250 897 Haec
1259 842 1292 895 cst

341 931 397 998 illa,
413 948 479 1009 qnae
493 929 606 987 videtur
626 928 738 987 utilium
758 927 819 985 fieri
840 947 906 986 cum
919 927 1045 985 honestis
1070 947 1150 1006 saepe
1164 926 1292 987 dissensio.

291 1027 327 1080 10
342 1021 413 1091 Qua
427 1019 609 1098 dijudicanda
623 1025 698 1077 sunt.
740 1019 808 1076 Non
830 1019 915 1086 enim,
926 1023 928 1030 '
938 1025 973 1076 ut
993 1037 1202 1095 quaereremus,
1222 1036 1295 1097 expo

292 1117 324 1169 11
342 1112 456 1178 suimus,
479 1110 530 1168 sed
548 1117 581 1167 ut
603 1110 817 1187 explicaremus.
860 1108 927 1166 Non
946 1108 1036 1188 igitur
1050 1109 1166 1167 videtur
1179 1109 1263 1167 neci
1288 1140 1297 1151 ·

340 1202 495 1259 meritorius
517 1201 564 1259 ille
578 1200 716 1266 Rhodios,
731 1218 783 1257 nec
804 1198 851 1257 hic
875 1199 979 1257 aedium
992 1199 1127 1258 venditor
1140 1200 1233 1257 celare
1253 1218 1299 1257 en·

342 1299 438 1369 ptores
447 1291 587 1349 debuisse.
608 1290 711 1367 Neque
721 1289 796 1347 enim
809 1288 840 1346 id
851 1296 896 1347 est
908 1289 1009 1357 celare,
1025 1289 1161 1367 quicquid
1175 1290 1299 1349 reticeas:

341 1381 392 1439 sed
406 1401 480 1448 cum,
496 1380 574 1458 quod
594 1387 628 1438 tu
648 1380 728 1447 scias,
743 1379 773 1437 id
793 1380 925 1458 ignorare
949 1380 1139 1439 emolumenti
1161 1380 1208 1439 tui
1228 1398 1303 1439 causa

294 1478 327 1530 12
341 1472 409 1529 volis
423 1490 479 1538 eos,
492 1490 615 1547 quorum
626 1470 735 1527 intersit
748 1469 777 1528 id
792 1471 873 1529 scire.
908 1471 973 1529 Hoc
987 1469 1084 1528 autem
1099 1470 1214 1529 celandi
1223 1488 1303 1550 genus

340 1560 424 1638 quale
438 1561 482 1628 sit,
498 1568 527 1619 et
540 1560 622 1638 cujus
636 1559 765 1627 hominis,
778 1560 841 1638 quis
854 1581 912 1618 non
921 1561 1020 1619 videt?
1043 1562 1132 1619 Certe
1141 1580 1202 1619 non
1212 1560 1303 1641 aperti,

340 1670 397 1709 non
411 1650 552 1728 simplicis,
567 1670 624 1708 non
643 1650 767 1728 ingenui,
783 1671 840 1709 non
858 1652 937 1729 justi,
952 1670 1010 1709 non
1024 1651 1076 1709 viri
1096 1652 1184 1711 boni:
1208 1650 1305 1711 versuti

341 1741 445 1819 potius,
465 1741 587 1809 obscuri,
602 1741 699 1808 astuti,
720 1740 838 1809 fallacis,
859 1742 999 1810 malitiosi,
1014 1741 1117 1811 callidi,
1132 1737 1304 1810 veteratoris,

340 1832 419 1892 vain.
461 1833 539 1890 Haec·
553 1838 605 1900 tot,
629 1839 658 1889 et
679 1832 733 1889 alia
753 1832 846 1909 plura,
869 1851 962 1890 nonne
982 1832 1081 1890 inutile
1106 1840 1154 1891 est
1177 1834 1306 1892 vitiorum

341 1923 435 1981 subire
449 1922 587 1981 nomina?
1150 1935 1158 1947 ‘

381 2102 463 2159 XIV.
486 2102 594 2172 Quodsi
604 2102 791 2181 vituperandi,
800 2102 849 2179 qui
857 2081 1038 2170 reticuerint,
1046 2102 1116 2180 quid
1127 2103 1164 2161 de
1174 2102 1209 2161 iis
1220 2102 1307 2161 existi·

341 2192 479 2250 mandum
498 2200 550 2260 est,
570 2193 619 2271 qui
640 2193 837 2252 orationis
859 2194 1071 2252 vanitatem
1096 2193 1307 2253 adhibuerunt?

310 2290 326 2341 2
343 2283 375 2340 Ο.
394 2282 507 2350 Canius,
523 2302 609 2360 eques
624 2284 779 2352 Romanus,
794 2303 847 2343 nec
860 2284 1007 2351 infacetus,
1023 2290 1053 2341 et
1068 2283 1138 2341 satis
1160 2284 1306 2352 litteratus,

343 2393 407 2431 cum
422 2393 452 2431 se
467 2372 624 2452 Syracusas
639 2374 752 2442 otiandi,
767 2381 800 2433 ut
820 2374 881 2453 ipse
902 2374 996 2433 dicere
1016 2374 1136 2442 solebat,
1152 2394 1212 2433 non
1226 2395 1307 2454 nego

342 2462 430 2520 tiandi
444 2482 537 2530 causa,
547 2464 719 2532 contulisset,
732 2465 889 2533 dictitabat,
901 2484 932 2523 se
946 2465 1079 2522 hortulos
1094 2465 1205 2543 aliquos
1219 2484 1307 2526 emero

341 2552 422 2619 velle,
437 2572 494 2629 quo
514 2552 633 2611 invitare
655 2555 769 2624 amicos,
785 2562 814 2613 et
829 2556 878 2614 ubi
892 2575 923 2614 se
937 2556 1080 2614 oblectare
1094 2555 1154 2613 sine
1174 2555 1303 2635 interpel-

311 2651 326 2701 9
341 2643 477 2700 latoribus
497 2650 602 2720 posset.
644 2644 728 2713 Quod
742 2665 808 2703 cum
823 2646 1053 2723 percrebruisset,
1069 2646 1195 2722 Pythius
1210 2647 1238 2706 ei
1250 2646 1306 2724 qui·

342 2733 416 2800 dam,
432 2733 480 2810 qui
499 2735 687 2813 argentariam
707 2736 814 2793 faceret
837 2736 993 2813 Syracusis,
1008 2735 1122 2793 venales
1143 2735 1261 2813 quidem
1279 2754 1307 2794 so

341 2824 440 2882 hortos
453 2844 510 2882 non
522 2826 637 2893 habere,
653 2825 704 2883 sed
723 2825 808 2883 licere
822 2826 866 2883 uti
880 2826 977 2893 (lanio,
993 2826 1016 2883 si
1030 2825 1124 2893 vellet,
1139 2832 1174 2883 ut
1187 2826 1262 2884 suis:
1281 2831 1308 2884 et

342 2915 426 2974 simul
447 2917 484 2974 ad
506 2935 617 2975 coenam
638 2916 780 2974 hominem
801 2917 830 2973 in
852 2917 951 2974 hortos
964 2915 1093 2974 invitavit
1112 2916 1141 2973 in
1162 2923 1307 2994 posterum

310 3006 426 3064 ldiem.
469 3008 542 3065 Oum
563 3008 610 3065 ille
631 3007 813 3085 promisisset,
829 3013 892 3064 tum
906 3007 1037 3084 Pythius,
1051 3006 1101 3083 qui
1119 3013 1205 3074 esset,
1221 3015 1255 3064 ut
1267 3025 1307 3064 ar-

342 3098 495 3174 gentarius,
511 3098 589 3176 apud
610 3116 708 3154 omnes
733 3097 845 3155 ordines
869 3097 1024 3175 gratiosus,
1046 3097 1202 3174 piscatores
1223 3097 1261 3155 ad
1279 3115 1308 3154 se

343 3188 516 3254 convocavit,
532 3194 561 3244 et
575 3187 612 3245 ab
626 3188 670 3244 his
684 3187 792 3265 petivit,
807 3194 921 3244 utente
935 3198 1001 3245 suos
1013 3187 1151 3244 'hortulos
1173 3187 1308 3264 postridie

312 3277 534 3354 5piscarontur:
557 3275 692 3352 dixitque,
712 3276 782 3353 quid
804 3297 853 3335 eos
873 3277 967 3334 facere
988 3277 1082 3335 vellet.
1124 3274 1177 3336 Ad
1197 3297 1308 3336 coenam

208 3386 308 3461 qm
325 3372 471 3451 Xtempore
484 3366 561 3424 venit
576 3365 696 3422 Canius:
719 3368 835 3455 opipare
857 3386 875 3424 a
895 3367 1001 3444 Pythio
1023 3374 1195 3445 apparatum
1217 3367 1303 3427 convi-

270 3462 275 3467 '
329 3455 435 3531 sium:
451 3457 616 3532 cymbarum
625 3461 690 3513 ante
699 3457 796 3514 oculos
804 3457 976 3516 multitudo:
991 3477 1044 3534 pro
1053 3477 1084 3515 se
1092 3456 1222 3534 quisque,
1233 3457 1309 3535 quod

344 3552 467 3622 ceperat,
490 3545 644 3603 afferebat:
666 3553 732 3604 ante
752 3547 842 3624 pedes
861 3548 959 3625 Pythii
979 3548 1072 3625 pisces
1093 3547 1309 3625 abjiciebantur.

312 3643 328 3695 6
344 3637 416 3693 Tum
431 3634 542 3701 Canius,
558 3635 670 3705 Quaeso,
685 3637 783 3713 inquit,
799 3637 927 3714 quidest
947 3639 1010 3705 hoc,
1025 3637 1137 3715 Pythi?
1158 3644 1311 3694 tantumne

344 3727 470 3806 piscium,
479 3731 626 3784 tantumne
635 3727 823 3804 cymbarum?
851 3728 889 3785 Et
899 3727 954 3795 ille,
965 3727 1040 3797 Quid
1049 3728 1174 3785 mirum?
1202 3727 1310 3804 inquit;

344 3821 398 3877 hoc
420 3820 483 3877 loco
505 3825 556 3884 est,
572 3816 720 3894 Syracusis
736 3816 870 3894 quioquid
889 3817 935 3875 'est
958 3817 1093 3895 piscium:
1116 3818 1162 3875 bic
1177 3818 1311 3894 aquatio:

344 3912 398 3970 hac
406 3911 472 3968 villa
485 3908 530 3967 isti
541 3925 636 3965 carere
650 3925 706 3963 non
720 3914 847 3982 possunt.
889 3908 1025 3966 Incensus
1037 3907 1142 3965 (lanius
1153 3907 1312 3984 cupiditate

315 4002 331 4063 'l
346 4002 490 4062 contendit
503 4020 520 4057 a
533 3999 648 4077 Pythio,
664 4005 697 4056 ut
709 3987 853 4056 venderet.
898 3999 1024 4056 Gravatc
1036 3998 1084 4056 illc
1097 3998 1198 4075 primo.
1234 3996 1311 4068 Quid
