3259 4775
304 605 342 663 76
725 625 762 663 oe
778 625 904 665 currens

355 756 416 811 nori
442 773 554 811 summo
580 773 672 831 nuper
699 761 797 812 nostro
825 754 923 813 Miloni
949 755 1012 823 fuit,
1040 756 1090 832 qui
1115 753 1291 833 gladiatoribut

355 843 458 922 emptis
480 843 521 901 rei
545 844 668 922 publicae
688 863 782 912 causa,
800 864 866 922 quae
886 846 980 903 salute
998 853 1096 903 nostra
1115 845 1294 911 continebatur,

324 942 340 993 ⁵
357 952 452 991 omnes
463 935 496 992 P.
510 934 601 992 clodii
616 942 733 992 conatus
747 935 914 1012 furoresque
925 936 1100 1013 compressit.
1129 936 1221 994 Causa
1230 935 1296 1014 igitur

355 1024 509 1102 largitionis
524 1033 575 1092 est,
598 1025 621 1082 si
641 1032 692 1082 aut
712 1044 827 1083 necesse
852 1032 905 1094 cst,
926 1033 977 1083 aut
996 1026 1075 1083 utile.
1118 1027 1154 1083 In
1167 1026 1210 1084 his
1222 1034 1298 1083 auten

323 1119 340 1171 6
354 1114 422 1192 ipsis
436 1113 636 1173 mediocritatis
651 1114 751 1193 regula
764 1116 873 1192 optima
886 1122 937 1174 est.
979 1115 1012 1173 L.
1028 1116 1145 1193 quidem
1159 1117 1300 1194 Philippus,

355 1204 389 1273 Q.
405 1205 447 1273 F,
462 1224 567 1283 magno
580 1206 622 1263 vir
642 1205 753 1283 ingenio
773 1205 802 1262 in
823 1205 977 1283 primisque
997 1205 1100 1274 clarus,
1114 1207 1228 1285 gloriari
1246 1205 1311 1264 sole'
1334 1209 1338 1226 ¹

355 1296 414 1364 bat,
436 1315 466 1353 se
487 1297 545 1354 sine
565 1296 624 1353 ullo
644 1313 760 1353 munere
780 1295 919 1373 adeptum
939 1314 1002 1353 esse
1022 1296 1123 1365 omnia,
1146 1316 1212 1374 quae
1233 1297 1302 1354 habe·

323 1383 645 1462 irenturamplissima.
681 1385 802 1443 Dicebat
815 1385 892 1443 idem
907 1386 1002 1454 Cotta,
1016 1386 1112 1445 Curio.
1148 1387 1306 1464 Nobisquo'

354 1494 409 1551 que
423 1475 488 1532 licet
501 1476 530 1532 in
543 1475 597 1531 hoc
611 1473 736 1550 quodam
754 1474 841 1532 modo
861 1475 982 1553 gloriari.
1025 1476 1103 1534 Nam
1118 1496 1174 1554 pro
1187 1477 1303 1555 amphtu-

346 1564 419 1638 dine
440 1565 586 1631 honorum,
603 1584 673 1641 quos
694 1565 802 1623 cunctis
823 1565 964 1644 suffragiis
984 1565 1082 1644 adepti
1103 1586 1203 1625 sumus
1225 1573 1303 1625 nostro

354 1654 469 1731 quidem
490 1673 571 1722 anno,
588 1654 665 1731 quod
685 1655 805 1733 contigit
826 1674 925 1732 eorum
944 1656 1056 1724 nemini,
1072 1676 1146 1734 quos
1166 1658 1251 1715 modo
1268 1674 1303 1713 no

323 1752 340 1803 8
355 1745 466 1813 minari,
482 1764 549 1802 sane
570 1745 689 1824 exiguus
710 1752 842 1822 sumptus
861 1745 1002 1803 aedilitatis
1018 1746 1079 1804 suit.
1122 1747 1222 1825 Atque
1235 1747 1303 1805 dnn

353 1836 409 1893 illae
429 1836 564 1915 impensae
584 1836 720 1903 meliores,
738 1836 820 1903 muri,
840 1837 958 1904 navalia,
974 1844 1083 1913 portus,
1097 1856 1235 1914 aquarum
1250 1837 1303 1895 duc-

322 1932 339 1984 9
354 1933 409 1994 tus,
425 1926 583 2003 omniaque,
598 1944 663 2003 quae
677 1925 714 1982 ad
727 1945 812 1983 usum
825 1925 866 1983 rei
886 1926 1009 2004 publicae
1023 1927 1173 2004 pertinent.
1215 1929 1303 1996 Quan-

354 2036 448 2094 quam,
464 2016 540 2092 quod
562 2035 687 2093 praesens
708 2024 855 2093 tamquam
874 2016 903 2074 in
922 2035 1038 2073 manum
1059 2017 1153 2085 datur,
1166 2017 1304 2096 jucundius

306 2112 340 2163 10
355 2114 415 2162 est:
444 2112 539 2161 tamen
559 2106 620 2170 haec
640 2105 668 2162 in
693 2113 841 2184 posterum
861 2106 993 2184 gratiora.
1034 2107 1166 2175 Theatra,
1186 2109 1304 2187 pertitus,
1340 2137 1344 2152 ·

354 2214 427 2253 nova
448 2195 564 2272 templa,
581 2196 767 2254 verecundius
786 2196 974 2274 reprehendo,
995 2203 1113 2276 propter
1132 2198 1312 2277 Pompeiane
1325 2223 1345 2252 a

355 2285 406 2343 sed
427 2284 582 2343 doctissimi
601 2305 658 2343 non
678 2288 808 2362 probant,
824 2293 857 2343 ut
875 2294 905 2344 et
925 2286 971 2343 hic
989 2286 1050 2363 ipse
1063 2287 1218 2355 Panaetius,
1233 2295 1303 2366 qu'en
1335 2295 1345 2312 ²

357 2375 479 2433 multum
503 2375 532 2433 in
554 2375 598 2433 his
622 2375 699 2434 libris
724 2384 839 2435 secutus
863 2397 935 2444 sum,
961 2397 1017 2434 non
1040 2377 1259 2455 interpretatus;
1284 2381 1305 2434 et

304 2472 337 2526 11
353 2466 507 2523 Phalereus
531 2466 701 2534 Demetrius,
721 2467 769 2545 qui
790 2467 937 2535 Periclem,
959 2468 1115 2546 principem
1139 2466 1305 2538 Graeciae‚vi-

353 2562 477 2632 tuperat,
496 2555 573 2632 quod
594 2563 703 2614 tantam
726 2558 875 2635 pecuniam
900 2557 928 2614 in
948 2559 1085 2634 praeclara
1105 2559 1154 2616 illa
1174 2559 1307 2638 propylaea

354 2646 513 2724 conjecerit.
556 2646 614 2704 Sed
629 2647 665 2703 de
678 2648 734 2705 hoc
754 2666 859 2726 genere
878 2654 949 2715 tote,
963 2647 992 2704 in
1004 2648 1037 2704 iis
1050 2648 1138 2716 libris,
1153 2669 1226 2727 quos
1240 2649 1273 2707 de
1283 2663 1307 2703 re

305 2743 338 2795 12
354 2737 469 2813 publica
489 2737 596 2815 scripsi,
612 2737 763 2816 diligenter
777 2745 822 2796 est
836 2736 1022 2815 disputatum.
1064 2738 1136 2796 'Iota
1151 2739 1238 2818 igitur
1249 2737 1307 2797 ratio

356 2827 454 2884 talium
468 2827 648 2906 largitionum
661 2846 764 2906 genere
775 2828 875 2885 vitiosa
888 2833 940 2895 est,
952 2828 1129 2905 temporibus
1143 2828 1307 2894 necessaria

354 2927 383 2976 et
396 2925 458 2976 tum
471 2919 564 2996 ipsum
576 2925 605 2975 et
617 2918 655 2975 ad
668 2918 819 2975 facultates
829 2917 1071 2974 accommodanda
1082 2925 1111 2976 et
1124 2920 1309 2987 mediocritate

353 3009 529 3067 moderanda
543 3016 595 3066 est.

392 3188 505 3246 XVIII.
528 3190 562 3245 In
575 3189 624 3246 illo
638 3197 735 3247 autem
750 3189 839 3246 altero
854 3206 957 3266 genere
971 3187 1117 3266 largiendi,
1129 3190 1208 3267 quod
1222 3211 1240 3249 a
1252 3191 1311 3250 libe

242 3334 246 3341 ,
354 3278 464 3335 ralitate
493 3277 688 3354 proficiscitur,
714 3298 770 3336 non
797 3298 854 3336 uno
878 3277 964 3335 modo
991 3277 1020 3335 in
1044 3277 1205 3356 disparibus
1230 3280 1312 3340 causit

322 3367 451 3426 aeffecti
475 3385 537 3424 esse
557 3365 702 3424 debemus
746 3369 813 3425 Alia
834 3387 920 3427 causa
939 3374 983 3425 est
1003 3367 1074 3444 ejus,
1090 3369 1138 3445 qui
1160 3370 1314 3430 calamitate

354 3456 498 3534 premitur,
515 3463 544 3514 et
564 3455 634 3533 ejus,
650 3457 698 3534 qui
719 3478 763 3516 res
784 3460 913 3516 meliores
935 3457 1043 3534 quaerit,
1059 3459 1145 3516 nullis
1164 3461 1223 3519 suis
1237 3463 1336 3535 rebus¹

322 3555 338 3605 8
354 3545 486 3603 adversis.
528 3547 699 3624 Propensior
711 3549 871 3627 benignitas
885 3567 947 3606 esse
959 3547 1075 3606 debebit
1090 3549 1118 3605 in
1133 3551 1317 3620 calamitosos

353 3635 406 3694 nisi
419 3635 493 3694 forte
506 3645 588 3695 erunt
602 3637 679 3717 digni
694 3639 861 3697 calamitate.
904 3639 939 3696 In
958 3637 991 3694 iis
1011 3644 1116 3706 tamen,
1131 3641 1227 3717 quise
1241 3642 1319 3721 adju·

352 3726 413 3784 vari
422 3726 524 3794 volent,
537 3748 593 3785 non
603 3748 638 3786 ne
653 3729 822 3807 affligantur,
834 3730 885 3787 sed
902 3736 933 3786 ut
947 3727 1075 3785 altiorem
1088 3731 1212 3807 gradum
1227 3752 1319 3792 ascen·

354 3817 433 3885 dant,
445 3818 566 3875 restricti
580 3819 692 3876 omnino
707 3838 769 3877 esse
782 3819 861 3877 nullo
874 3818 961 3877 modo
972 3817 1126 3878 debemus:
1148 3821 1200 3879 sed
1215 3823 1246 3882 in
1256 3824 1323 3883 deli·

352 3908 452 3988 gendis
466 3907 572 3965 idoneis
581 3908 722 3985 judicium
736 3917 765 3967 et
779 3909 953 3989 diligentiam
968 3907 1113 3968 adhibere.
1156 3911 1237 3972 Nam
1251 3933 1325 3997 prar-

354 3999 428 4058 clare
442 3998 567 4056 Ennius:
