3259 4775
356 590 390 642 10
766 591 804 629 nn
826 590 953 630 cuncus

408 721 554 801 quoddam
567 722 690 781 officium
704 722 815 790 dicitur,
827 727 857 779 et
870 720 1038 785 perlectum.
1071 718 1236 778 Perfectum
1250 718 1371 780 officium

404 819 571 881 rectum,
601 813 708 891 opinor,
729 830 872 880 uocemue,
893 810 971 889 quod
996 810 1091 869 Graeoi
1114 810 1286 889 κατόρθωμα,
1315 812 1371 869 hoc

373 912 503 963 5autem
527 922 676 961 commune
700 902 740 960 ol
745 902 759 959 f
765 902 880 961 icium
905 907 1015 959 vocant.
1057 901 1156 978 Atque
1177 920 1212 959 ea
1235 902 1275 959 sic
1300 902 1371 960 defi·

404 993 492 1061 uiunt,
507 1000 541 1050 ut
554 999 664 1051 rectum
678 992 755 1070 quod
776 993 821 1060 sit,
836 992 866 1049 id
887 991 1010 1050 officium
1024 991 1183 1068 perfectum
1197 1010 1259 1050 esse
1273 991 1371 1050 defini-

404 1090 470 1151 ant;
490 1082 616 1141 medium
629 1088 725 1141 autem
735 1083 857 1141 officium
869 1081 899 1139 id
913 1100 975 1139 esse
989 1081 1096 1149 dicunt,
1107 1081 1185 1158 quod
1199 1095 1251 1140 cur
1261 1082 1370 1142 lactum

317 1163 321 1171 ⁸
405 1174 450 1242 sit,
464 1173 538 1231 ratio
552 1173 706 1251 probabilis
719 1172 801 1231 reddi
815 1169 940 1250 possitp‘

372 1245 558 1342 bfff'riplex
580 1263 666 1342 igitur
688 1269 740 1330 est,
762 1270 796 1321 ut
815 1262 944 1320 Panaetio
973 1261 1093 1336 videtur,
1113 1262 1219 1320 consilii
1240 1263 1370 1341 capiendi

405 1353 578 1413 deliberatio.
620 1353 696 1410 Nam
716 1359 768 1410 aut
787 1353 974 1410 honestumne
995 1351 1073 1409 factu
1093 1351 1138 1419 sit,
1153 1370 1190 1409 an
1209 1359 1302 1431 turpe,
1317 1353 1370 1412 du-

404 1444 503 1511 bitant,
513 1443 552 1511 id,
564 1442 641 1520 quod
655 1442 683 1500 in
698 1442 927 1500 deliberationem
940 1442 1033 1510 cadit;
1053 1442 1082 1500 iu
1095 1462 1153 1520 quo
1166 1443 1371 1503 considerando

373 1533 388 1591 'l
404 1552 482 1611 saepe
496 1532 581 1590 animi
594 1532 623 1589 in
643 1532 797 1590 contrarias
816 1532 969 1590 sententias
990 1532 1192 1592 distrahuntur.
1234 1534 1307 1593 Tum
1321 1554 1371 1593 au-

404 1630 463 1681 tem
482 1629 533 1680 aut
552 1622 712 1700 anquirunt,
732 1630 782 1680 aut
803 1623 972 1691 consultant,
994 1622 1032 1680 ad
1052 1623 1119 1681 vitae
1141 1624 1371 1683 commoditatem

402 1713 675 1792 jucunditatemque,
690 1712 728 1770 ad
749 1713 901 1772 facultates
914 1732 1009 1770 rerum
1022 1720 1108 1791 atque
1121 1714 1225 1791 copias,
1240 1714 1278 1772 ad
1292 1735 1370 1793 opes,

404 1804 442 1861 ad
456 1803 622 1882 potentiam,
636 1804 740 1881 quibus
760 1811 834 1862 etse
848 1804 959 1883 possint
976 1804 1077 1880 juvare
1097 1811 1127 1862 et
1140 1823 1215 1872 suos,
1230 1804 1372 1864 conducat

405 1894 434 1952 id
456 1913 554 1961 necne,
570 1892 607 1952 de
627 1913 684 1971 quo
704 1893 877 1954 deliberant:
899 1914 964 1972 quae
986 1894 1151 1953 deliberatio
1170 1894 1259 1953 omnis
1278 1895 1307 1954 iu
1327 1916 1370 1953 ra-
1410 1925 1412 1930 ·

374 1993 390 2043 8
406 1985 512 2042 tionem
532 1984 661 2041 utilitatis
682 1984 765 2042 cadit.
808 1984 934 2042 Tertium
954 1984 1103 2043 dubitandi
1122 2004 1213 2063 genus
1233 1993 1371 2053 osteum

406 2092 535 2152 pugnare
555 2072 667 2130 videtur
687 2093 753 2131 cum
776 2074 897 2132 honesto
921 2074 959 2142 id,
981 2074 1059 2152 quod
1078 2074 1191 2133 videtur
1211 2094 1272 2134 esse
1292 2077 1370 2136 utile.

407 2166 480 2223 Oum
495 2164 568 2221 enim
581 2164 687 2224 utilitas
702 2165 739 2222 ad
753 2185 784 2224 se
798 2184 907 2244 rapere,
922 2167 1055 2224 honestas
1070 2174 1168 2225 contra
1181 2186 1313 2226 revocare
1333 2169 1372 2227 ad

405 2274 436 2313 se
451 2254 571 2322 videtur,
587 2255 627 2321 fit,
642 2262 675 2312 ut
689 2255 864 2314 distrahatur
881 2256 910 2313 in
924 2255 1107 2314 deliberando
1127 2257 1245 2326 animus,
1259 2259 1371 2317 afferat·

373 2352 460 2424 aque
481 2344 632 2422 ancipitem
653 2357 751 2405 'curam
772 2346 922 2427 cogitandi.
964 2345 1028 2405 Hac
1049 2346 1190 2416 divisione,
1213 2368 1279 2407 cum
1298 2368 1371 2429 prae-

405 2435 489 2494 terire
510 2437 616 2515 aliquid
637 2437 792 2494 maximum
812 2438 912 2496 vitium
931 2438 960 2496 iu
981 2438 1133 2497 dividendo
1153 2439 1198 2508 sit,
1220 2439 1279 2498 duo
1299 2460 1371 2518 prae-

406 2526 534 2584 termissa
548 2522 650 2599 suntp‘
665 2527 726 2586 Nec
741 2528 815 2585 enim
830 2528 931 2596 solum,
946 2536 1043 2586 utrum
1063 2529 1223 2597 honestum,
1237 2548 1274 2587 an
1287 2538 1372 2610 turpe

406 2616 451 2685 sit,
467 2617 617 2676 deliberari
636 2617 726 2686 solet;
747 2618 798 2676 sed
820 2619 915 2699 etiam,
932 2618 1045 2677 duobus
1066 2619 1217 2696 propositis
1236 2620 1370 2690 honestis,

405 2714 502 2765 utrum
515 2708 661 2766 honestius
671 2726 679 2776 ;
699 2708 833 2786 itemque,
845 2709 960 2768 duobus
974 2708 1126 2787 propositis
1138 2709 1263 2779 utilibus,
1274 2717 1371 2769 utrum

358 2803 391 2857 10
405 2798 509 2858 utilius.
551 2801 606 2868 Ita,
628 2818 714 2877 quam
734 2799 781 2858 ille
801 2800 942 2878 triplicem
962 2799 1074 2879 putavit
1094 2819 1156 2859 esse
1176 2801 1322 2871 rationem,
1342 2802 1372 2861 in

405 2889 528 2968 quinque
548 2896 644 2969 partes
665 2890 793 2949 distribui
814 2891 918 2950 debere
939 2891 1087 2969 reperitur.
1128 2890 1257 2949 Primum
1282 2892 1371 2971 igitur

405 2988 450 3039 est
464 2981 500 3040 de
514 2982 643 3050 honesto,
659 2981 710 3039 sed
725 2981 887 3060 dupliciter,
897 2988 961 3039 tum
974 2981 1156 3063 paritatione
1171 2981 1207 3039 de
1221 2982 1290 3050 utili,
1305 2990 1372 3062 post

406 3070 443 3130 de
457 3073 667 3149 comparatione
681 3092 780 3131 eorum
795 3060 1054 3167 disserendumff

992 3176 1003 3211 ἵ
1166 3184 1168 3188 .

350 3148 498 3339 lIV.
520 3251 663 3328 Principio
677 3252 774 3330 generi
792 3252 977 3311 animantium
991 3252 1067 3311 omni
1081 3260 1125 3311 est
1138 3272 1156 3310 a
1168 3261 1270 3312 natura
1283 3253 1371 3312 tribu·

406 3348 478 3407 tum,
492 3347 525 3397 ut
545 3359 584 3407 se,
606 3341 694 3398 vitam
714 3360 875 3418 corpusque
895 3349 1018 3412 tueatur,
1034 3342 1212 3421 declinetque
1237 3362 1279 3411 ea,
1304 3362 1370 3420 quae

404 3429 533 3487 nocitura
562 3429 720 3498 videantur,
743 3431 901 3509 omniaque,
922 3451 988 3510 quae
1014 3432 1070 3492 siut
1096 3433 1133 3492 ad
1153 3432 1304 3491 vivendum
1322 3451 1371 3492 ne.-

405 3518 535 3586 cessaria,
557 3519 687 3596 anquirat
707 3527 736 3579 et
751 3522 848 3600 paret,
869 3529 903 3579 ut
923 3529 1048 3600 pastum,
1069 3530 1103 3581 ut
1122 3523 1250 3591 latibula,
1265 3529 1298 3580 ut
1317 3523 1373 3581 alia

374 3616 389 3665 2
405 3609 516 3687 generis
530 3609 667 3686 ejusdem.
710 3611 868 3669 Commune
882 3620 979 3670 autem
992 3612 1176 3672 animantium
1190 3613 1315 3671 omnium
1328 3620 1372 3671 eat

404 3698 608 3776 conjunctionis
628 3701 773 3778 appetitus
793 3701 961 3780 procreandi
980 3722 1074 3772 causa,
1097 3710 1127 3762 et
1149 3722 1217 3762 cura
1236 3703 1372 3781 quaedam

373 3796 390 3846 3
405 3806 511 3857 eorum,
526 3808 591 3866 quae
614 3798 762 3868 procreata
776 3798 852 3850 sunt.
892 3791 953 3850 Sed
966 3792 1039 3850 inter
1052 3793 1195 3852 hominem
1209 3799 1239 3851 et
1258 3793 1373 3852 beluam

403 3879 459 3937 hoc
484 3880 755 3950 maximeinterest,
786 3882 865 3961 quod
892 3883 957 3947 haet
984 3890 1104 3955 tantum,
1125 3891 1263 3961 quantum
1287 3901 1372 3941 sensu

358 4004 363 4021 ·
403 3976 543 4040 movetur,
563 3969 602 4031 ad
624 3970 655 4030 id
684 3971 784 4041 solum,
806 3971 884 4050 quod
903 3972 986 4031 adest
1006 3973 1140 4051 quodque
1161 3992 1290 4052 presens
1317 3980 1372 4042 est,
