3259 4775
360 599 417 653 lla
781 607 821 646 ns
835 604 960 647 omnus

379 748 398 800 8
411 747 534 798 senatus
569 740 614 796 At
624 744 711 798 sueta
722 736 889 815 vestigatis:
910 735 1001 795 utile
992 736 1086 815 igitur.
1124 736 1286 813 Quousque
1299 734 1376 795 sudo

411 832 484 891 bunt
494 830 588 888 drcere
600 830 754 932 quiequam
763 828 841 896 utile,
852 827 931 906 quod
941 846 998 886 non
1007 826 1187 885 honestum⁹
1224 827 1325 886 Potest
1333 845 1374 885 au·

410 928 470 979 tem
481 920 548 977 ulli
541 920 667 998 imperio,
679 918 756 996 quod
772 918 863 997 gloria
876 918 983 975 fultum
995 936 1057 976 esse
1068 916 1166 985 debet,
1178 923 1212 976 et
1225 889 1413 977 benivolen-

379 1010 613 1078 tttiasoeiorum,
627 1010 697 1068 utile
716 1027 780 1067 esse
801 1008 899 1067 odium
915 1015 945 1067 et
964 1007 1100 1066 infamis?
1141 1007 1371 1087 Egoetiamonm

412 1102 522 1160 Catone
534 1120 600 1159 meo
613 1118 691 1177 saepe
704 1098 830 1157 dissensi
875 1098 967 1156 Nimis
980 1098 1050 1156 mihi
1063 1098 1220 1176 praefracte
1233 1098 1371 1157 videbatur

411 1193 543 1252 aerarium
564 1190 769 1269 vectigaliaque
789 1188 951 1257 defendere,
972 1189 1067 1247 omnia
1086 1188 1248 1267 publicanis
1268 1206 1367 1268 negare

410 1283 502 1341 mults
514 1282 614 1340 sociis:
636 1300 702 1339 eum
714 1280 743 1337 in
757 1279 809 1337 bos
824 1279 941 1337 benefioi
959 1298 1021 1337 esse
1034 1278 1206 1338 deberemus
1214 1298 1223 1348 ;
1244 1299 1308 1338 eum
1324 1277 1368 1337 db

411 1373 451 1430 sio
471 1379 615 1450 agerent
634 1391 701 1428 eum
721 1370 829 1428 colonis
848 1370 952 1428 nostris
972 1370 1147 1429 soleremus:
1168 1388 1262 1447 eoque
1280 1368 1367 1451 magis,

410 1482 469 1538 qno
481 1462 530 1519 illa
542 1461 673 1518 ordinum
687 1460 849 1538 conjunctio
862 1460 900 1518 ad
913 1460 1036 1519 salutem
1048 1460 1091 1518 rei
1110 1459 1237 1538 publioae
1257 1460 1366 1538 pertine

362 1557 397 1610 10
411 1553 469 1610 bat.
497 1551 573 1608 Male
585 1550 670 1608 etiam
682 1551 778 1618 Curio,
788 1570 854 1609 cum
865 1570 980 1609 oausam
990 1550 1259 1628 Transpadanorum
1269 1568 1367 1628 aquen

411 1660 473 1699 esse
486 1641 617 1699 dicebat:
639 1660 754 1719 semper
772 1648 870 1699 autem
889 1641 1024 1709 addebat,
1047 1641 1149 1699 Vr‘nout
1161 1642 1282 1699 utilitas.
1320 1640 1367 1697 Po·

410 1732 467 1790 tius
481 1732 599 1799 diceret,
615 1750 673 1789 non
686 1750 749 1789 esse
763 1750 885 1808 aequam,
900 1731 967 1809 quia
984 1750 1041 1790 non
1054 1739 1131 1789 esset
1144 1731 1222 1789 utilis
1235 1731 1276 1789 rei
1288 1728 1368 1809 publi

411 1841 461 1890 oae,
477 1842 571 1900 quam,
587 1842 652 1880 oum
665 1839 721 1879 non
735 1821 834 1879 utilem
849 1821 964 1889 diceret,
979 1840 1091 1898 aequam
1103 1821 1252 1880 fateretur.

452 2002 564 2060 XXIII.
585 2003 692 2060 Plenus
703 2010 748 2060 est
761 2009 859 2059 sextus
868 2001 940 2060 liber
953 2001 990 2059 de
1003 2001 1100 2059 officiis
1113 2001 1269 2060 Hecatonis
1282 2000 1370 2059 talium

411 2092 689 2169 quaestionum,
711 2092 791 2150 Sitne
809 2092 876 2150 boni
894 2092 954 2160 viri,
969 2092 998 2150 in
1015 2092 1138 2149 maxims
1158 2092 1277 2151 caritate
1294 2108 1370 2149 anno·
1412 2143 1413 2174 3

411 2200 465 2249 nae,
479 2182 613 2239 familiam
626 2202 683 2241 non
696 2183 780 2240 alere.
823 2183 858 2240 In
872 2189 1024 2261 utramque
1039 2182 1309 2261 partemdisputat;
1328 2178 1372 2240 sed
1411 2212 1413 2220 ·

412 2279 508 2329 tamen
527 2272 565 2330 ad
589 2281 748 2331 extremum
771 2273 894 2331 utilitate
918 2273 1043 2331 officium
1062 2272 1159 2351 dirigit
1178 2273 1273 2352 magis
1292 2290 1371 2351 quum

379 2368 396 2421 2
411 2361 596 2420 humanitate.
638 2363 754 2431 Quaerit,
770 2363 794 2421 si
809 2364 839 2422 in
852 2362 924 2422 mari
941 2364 1055 2442 jactura
1073 2363 1203 2422 facienda
1216 2364 1263 2433 sit,
1278 2363 1372 2442 equine

413 2452 528 2529 pretiosi
542 2453 637 2529 potius
648 2453 790 2529 jacturam
804 2455 898 2522 faeiat,
914 2474 951 2512 an
965 2455 1069 2513 servuli
1082 2454 1152 2514 vilis.
1194 2456 1251 2514 Hie
1265 2456 1320 2514 alio
1332 2473 1374 2513 res

380 2541 564 2608 3familiaris,
585 2541 640 2598 alio
660 2542 739 2601 dueit
759 2545 928 2603 humanitas.
970 2545 1002 2603 Si
1024 2546 1154 2604 tabulam
1175 2546 1212 2604 de
1232 2545 1375 2624 naufragio

412 2631 516 2689 stultus
540 2632 696 2709 arripuerit,
718 2636 935 2711 extorquebitne
955 2654 1019 2693 eam
1038 2636 1159 2714 sapiens,
1180 2636 1205 2695 si
1228 2635 1374 2715 potuerit?

380 2721 517 2800 tNegat,
539 2721 605 2800 quia
629 2723 665 2780 sit
689 2723 831 2802 injurium.
874 2725 950 2794 Quid
974 2726 1106 2784 dominus
1128 2726 1218 2795 navis,
1244 2728 1375 2806 eripietne

411 2814 518 2871 smum?
559 2813 683 2881 Minime,
697 2834 754 2871 non
773 2815 846 2892 plus,
862 2834 949 2893 quam
969 2816 1150 2896 navigantem
1164 2817 1193 2874 in
1206 2817 1267 2876 alto
1281 2818 1376 2896 ejicere

412 2904 448 2963 de
469 2904 534 2962 nati
547 2905 624 2972 velit,
638 2905 705 2981 quia
724 2924 777 2962 sua
797 2906 841 2963 sit.
884 2906 987 2974 Quoad
1007 2907 1082 2964 enim
1101 2914 1273 2985 perventum
1287 2909 1325 2966 sit
1337 2927 1376 2975 eo,

411 3016 469 3073 quo
489 3003 604 3074 sumpta
624 2995 703 3053 navis
723 3003 775 3063 est,
797 3015 855 3054 non
875 2996 982 3054 domini
1002 3005 1046 3055 est
1065 2998 1152 3066 navis,
1174 2998 1227 3056 sed
1247 2999 1376 3079 navigan·

380 3095 397 3146 5
412 3087 491 3144 tium.
533 3086 609 3156 Quid
623 3086 646 3144 si
660 3106 716 3144 una
730 3087 831 3145 tabula
845 3087 890 3154 sit,
905 3087 964 3144 duo
977 3088 1116 3167 naufragi,
1131 3088 1208 3165 iique
1223 3089 1376 3168 sapientes:

412 3176 464 3233 sibi
478 3183 577 3233 neuter
590 3177 690 3253 rapiat,
700 3196 737 3234 an
751 3177 824 3234 alter
834 3177 919 3235 cedat
932 3177 1034 3235 alteri?
1069 3178 1163 3237 Cedat
1176 3199 1260 3238 vero:
1282 3180 1334 3238 sed
1346 3179 1377 3247 ei,

412 3266 494 3343 eujus
516 3267 607 3342 magis
629 3266 739 3324 intersit
756 3268 803 3325 vel
823 3286 875 3324 sua
893 3268 940 3325 vel
959 3268 1001 3326 rei
1022 3268 1145 3345 publieae
1167 3289 1264 3338 eausa,
1279 3271 1376 3328 vivere.

380 3362 397 3412 6
417 3355 490 3424 Quid
505 3356 528 3411 si
547 3355 610 3412 haeo
629 3355 708 3432 paria
727 3357 756 3414 in
769 3359 913 3435 utroque?
954 3358 1072 3416 Nullum
1087 3360 1140 3417 erit
1152 3367 1306 3429 certamen,
1321 3360 1377 3428 sed,

382 3444 494 3520 tquasi
513 3452 590 3502 sorte
610 3450 660 3501 aut
680 3445 1021 3517 mieandoviotus,alte1i
1040 3449 1124 3507 cedet
1143 3450 1224 3508 alter.
1270 3449 1378 3520 Quidsi

412 3541 493 3609 pater
510 3534 577 3590 fana
598 3535 712 3612 expilet,
728 3538 873 3595 cuniculos
887 3547 956 3617 agat
969 3539 1007 3597 ad
1022 3539 1170 3598 aerarium:
1196 3540 1340 3600 indioetne
1352 3539 1379 3600 id

412 3623 624 3699 magistratibus
633 3625 728 3683 filius?
760 3628 850 3685 Nefas
859 3628 889 3686 id
897 3629 1072 3706 quidemest.
1102 3630 1177 3699 Quin
1187 3631 1275 3689 etiam
1285 3631 1379 3690 defen·

412 3711 463 3769 dat
476 3719 595 3790 patrem,
611 3715 635 3772 si
648 3723 792 3794 arguatur.
828 3718 858 3775 N
859 3738 896 3776 on
908 3719 996 3798 igitur
1010 3721 1102 3799 patria
1116 3727 1236 3798 praestat
1250 3722 1380 3781 omnibus

412 3801 530 3861 officiis?
571 3804 664 3861 Immo
684 3825 768 3863 vero:
795 3807 846 3864 sed
866 3807 920 3886 ipsi
940 3811 1041 3886 patriae
1062 3810 1204 3878 oonduoit,
1221 3810 1285 3889 pios
1306 3813 1380 3871 aives

381 3898 398 3951 8
413 3892 518 3951 habere
532 3893 561 3950 iu
571 3900 710 3971 parentes.
740 3895 816 3964 Quid
829 3896 853 3954 si
866 3900 1045 3975 tyrannidem
1059 3919 1209 3978 occupare,
1221 3901 1246 3959 si
1260 3901 1381 3980 patriam

412 3983 533 4061 prodere
547 3984 693 4042 conabitur
706 3992 806 4062 pater:
828 3987 957 4047 silebitne
971 3990 1068 4048 filius?
1110 3990 1204 4050 Immo
1217 4010 1287 4051 vero
1299 3993 1376 4052 obse
