3259 4775
664 620 751 659 mann
764 620 808 659 111.
851 619 917 661 cir.
933 622 959 659 x.
1282 598 1319 660 di

298 750 445 812 sihaberu
458 749 578 828 sapiens,
592 748 679 807 nihilo
692 748 759 828 plns
779 749 833 808 sibi
846 750 929 808 licere
944 756 1026 828 putet
1040 767 1167 827 peecare,
1182 765 1269 826 quam

298 841 394 900 sinon
407 841 535 898 haberet
576 839 705 897 Honesta
718 840 792 896 enim
812 840 893 897 bonis
907 840 981 908 viris,
995 859 1051 897 non
1065 839 1178 897 occulta
1191 857 1268 916 quaa-

298 938 410 988 rnntur,
449 929 550 1007 Atque
564 929 695 987 hocloco
709 922 871 1006 philosophi
884 929 1008 1006 quidam,
1023 929 1136 986 minime
1150 929 1216 986 mali
1229 929 1270 986 illi
1284 937 1301 987 5

297 1020 425 1100 quidem,
433 1019 486 1076 sed
499 1038 556 1076 non
569 1019 637 1076 satis
651 1020 736 1086 acuti,
750 1020 846 1077 fictam
861 1026 890 1076 et
904 1019 1128 1076 commenticiam
1142 1019 1269 1077 fabulam

299 1110 444 1185 prolatam
467 1109 566 1167 dicunt
587 1127 605 1165 a
626 1109 763 1166 Platone:
785 1109 947 1186 quasivero
968 1109 1023 1176 ille,
1039 1114 1090 1166 aut
1110 1109 1219 1166 factum
1240 1108 1270 1166 id

298 1218 372 1267 esse,
387 1206 439 1256 aut
456 1199 517 1257 fieri
538 1198 665 1277 potuisse
687 1198 831 1256 defendat.
874 1199 948 1256 Haec
969 1205 1013 1256 est
1027 1198 1069 1256 vis
1089 1199 1176 1276 hujus
1195 1199 1302 1256 anulii}

297 1297 331 1349 st
350 1290 440 1367 hujus
462 1288 593 1366 exempli,
614 1289 742 1346 sinemo
764 1288 895 1355 sciturus,
914 1308 999 1346 nemo
1019 1306 1055 1345 ne
1075 1288 1270 1365 suspicaturus

298 1379 418 1458 quidem
438 1378 482 1446 sit,
502 1397 569 1436 eum
590 1377 697 1455 ahquid
719 1377 888 1445 divitiarum,
904 1379 1047 1455 potentiae,
1064 1378 1269 1445 dominationis,

295 1465 424 1529 libidinis
445 1486 532 1546 causa
552 1468 660 1534 feceris,
677 1467 700 1524 si
719 1467 749 1525 id
769 1467 824 1525 diis
845 1467 1063 1546 hominibusque
1085 1468 1214 1526 futurum
1235 1469 1271 1525 sit

300 1557 789 1637 semperignotum,sisnefaeturus.
818 1557 935 1636 Negant
943 1558 973 1615 id
982 1559 1041 1616 fieri
1051 1578 1142 1636 posse.
1165 1559 1302 1628 Quam-l

298 1667 388 1728 qnam
410 1652 506 1726 potest
519 1646 549 1704 id
562 1646 693 1725 quidem:
715 1646 768 1704 sed
787 1665 894 1723 quaro,
909 1648 987 1724 quod
1007 1656 1115 1726 negant
1134 1668 1226 1726 posse,
1241 1649 1270 1706 id

299 1739 325 1798 ai
337 1744 447 1816 posset,
461 1736 598 1813 quidnam
611 1737 761 1794 facerent‘.l
803 1737 916 1816 Urgent
936 1739 1041 1795 rustice
1055 1757 1141 1795 sane:
1164 1746 1270 1816 negant
1286 1746 1304 1797 8

300 1828 377 1886 enim
391 1845 484 1905 posse,
500 1826 571 1884 etin
584 1845 618 1884 eo
632 1833 768 1904 perstant.
810 1828 875 1884 Hoc
888 1828 1006 1885 verbum
1016 1827 1085 1904 quid
1099 1827 1200 1895 valeat,
1215 1847 1271 1885 non

300 1918 408 1976 vident.
450 1917 525 1984 Oum
538 1917 611 1974 enim
632 1915 795 1993 quaerimus,
811 1917 835 1974 si
849 1918 941 1975 celare
955 1918 1072 1994 possint,
1086 1915 1155 1993 quid
1169 1917 1272 1975 facturi
1287 1924 1305 1977 9

290 2008 365 2075 sint,
375 2026 433 2065 non
446 2007 609 2084 quaerimus,
619 2006 764 2084 possintne
779 2007 888 2074 celare;
904 2007 955 2064 sed
969 2014 1116 2084 tamquam
1130 2014 1273 2066 tormenta

301 2097 438 2175 quaedam
458 2096 635 2164 adhibemus,
650 2103 691 2164 ut,
707 2097 730 2154 si
743 2096 951 2174 responderint,
966 2116 1005 2165 se,
1020 2098 1191 2175 impunitate
1206 2118 1271 2176 pro·

302 2188 405 2265 posita,
418 2187 543 2245 lecturos
557 2186 635 2264 quod
649 2187 791 2263 expediat,
802 2187 976 2245 facinorosos
991 2207 1021 2246 se
1035 2207 1098 2246 esse
1112 2189 1270 2247 fateantur:

302 2278 455 2356 sinegent,
469 2277 564 2335 omnia
577 2276 671 2354 turpia
685 2296 737 2355 per
751 2295 782 2334 se
795 2277 858 2355 ipsa
878 2278 1015 2356 fugienda
1028 2297 1090 2337 esse
1105 2279 1270 2338 concedant.

303 2366 363 2427 Sed
373 2368 437 2447 jam
451 2367 489 2426 ad
503 2366 682 2446 propositum
694 2374 880 2427 revertamur.

341 2547 378 2606 Χ
401 2547 536 2605 Incidunt
557 2547 658 2605 multae
675 2567 753 2625 saepe
767 2567 870 2618 eamae,
886 2568 952 2626 quoe
973 2553 1143 2611 conturbent
1163 2552 1272 2611 animos

303 2638 432 2696 utilitatis
446 2637 557 2715 specie;
578 2656 646 2706 non,
666 2658 732 2696 cum
744 2639 800 2696 hoc
814 2639 994 2708 deliberetur,
1009 2642 1226 2720 relinquendane
1237 2644 1273 2700 sit

304 2726 438 2785 honestas
452 2733 570 2805 propter
578 2727 707 2786 utilitatis
720 2728 946 2806 magnitudinem
958 2728 1036 2809 (nam
1050 2732 1080 2789 id
1093 2730 1209 2809 quidem
1221 2732 1272 2789 im·

304 2817 427 2895 probum
441 2814 497 2895 est)
512 2816 563 2874 sed
584 2816 663 2884 illud,
680 2818 806 2894 possitne
826 2818 864 2886 id,
880 2819 958 2897 quod
971 2821 1040 2878 utile
1054 2821 1192 2887 videatur,
1214 2822 1273 2879 fieri

304 2924 360 2965 non
373 2907 505 2984 turpiter.
547 2907 622 2964 (lum
633 2907 773 2966 Collatino
784 2909 902 2987 collegae
913 2910 1019 2966 Brutus
1029 2910 1177 2986 imperium
1190 2910 1272 2967 abro-
1288 2917 1305 2968 2

305 2998 403 3075 gabat,
418 3004 533 3075 poterat
545 2997 634 3054 videri
647 2998 741 3055 facere
754 2999 866 3075 injuste.
908 2999 1014 3056 Fuerat
1028 2999 1143 3056 enimin
1157 2999 1272 3076 regibus

305 3086 481 3165 expellendis
493 3087 586 3144 socius
600 3088 681 3144 Bruti
695 3088 874 3146 consihorum
884 3095 913 3145 et
927 3087 1050 3166 adjutor.
1093 3088 1166 3145 (lum
1176 3095 1273 3146 autem

305 3177 452 3235 eonsilium
466 3177 521 3234 hoc
535 3176 676 3254 principes
697 3178 848 3255 cepissent,
868 3178 1065 3256 cognationem
1080 3178 1204 3255 Superbi
1222 3197 1272 3236 no-

305 3264 427 3344 menque
444 3266 660 3345 Tarquiniorum
680 3273 710 3324 et
730 3269 894 3325 memoriam
915 3268 996 3346 regni
1017 3287 1079 3326 esse
1098 3267 1271 3326 tollendam:

305 3356 381 3434 qnod
402 3363 465 3414 erat
488 3357 565 3423 utile,
582 3357 681 3433 patriae
703 3359 856 3426 consulere,
871 3359 903 3417 id
923 3366 985 3416 erat
1004 3359 1045 3416 ita
1064 3358 1224 3426 honestum,
1239 3366 1272 3416 ut

306 3447 390 3505 etiam
401 3446 456 3524 ipsi
472 3446 616 3504 Collatino
637 3446 749 3523 plaeere
770 3448 897 3507 deberet.
938 3449 1041 3526 Itaque
1061 3449 1167 3506 utilitas
1185 3448 1305 3508 valuit3

304 3544 424 3615 propter
443 3537 632 3603 honestatem,
656 3537 715 3594 sine
737 3556 795 3614 qua
817 3558 853 3596 ne
873 3538 979 3595 utihtas
1002 3539 1117 3616 quidem
1138 3558 1201 3597 esse
1222 3559 1272 3617 po-

303 3626 413 3685 tuisset.
453 3625 498 3683 At
510 3626 540 3682 in
550 3645 584 3683 eo
597 3644 675 3704 rege,
690 3627 738 3703 qui
751 3629 853 3685 urbem
867 3628 1000 3695 condidit,
1012 3648 1069 3685 non
1082 3628 1159 3687 item.
1201 3629 1272 3707 Spe·
1287 3635 1305 3686 4

303 3715 360 3775 aies
373 3716 451 3774 enim
459 3715 590 3773 utilitatis
604 3715 729 3774 animum
738 3717 849 3794 pepulit
858 3719 938 3795 ejus:
961 3718 1085 3776 cuicum
1095 3719 1187 3776 visum
1198 3725 1274 3776 esset

299 3806 409 3873 utilius,
424 3806 527 3873 solum,
543 3825 630 3883 quam
651 3827 716 3865 eum
731 3808 821 3865 altero
841 3826 968 3885 regnare,
984 3808 1101 3865 fratrem
1122 3808 1272 3866 interemit.

300 3894 408 3957 Omisit
427 3895 474 3954 hic
496 3902 526 3952 et
545 3896 682 3973 pietatem
703 3903 732 3954 et
752 3898 965 3965 humanitatem,
990 3905 1023 3955 nt
1044 3898 1083 3965 id,
1105 3897 1183 3975 quod
1203 3897 1306 3954 utilcfi

296 3985 463 4055 videbatur,
472 4002 567 4064 neque
579 3992 649 4054 erat,
661 3987 773 4069 assequi
787 3994 900 4061 posset:
922 3995 950 4045 et
963 3995 1057 4052 tamar
1070 3988 1144 4052 muri
1158 4003 1274 4047 causam

568 4078 585 4130 9
