3259 4775
351 582 409 638 110
763 598 801 636 un
817 598 943 638 orrrcrrs

401 726 525 793 interest,
541 733 637 783 utrum
660 745 695 785 cx
716 726 829 785 homine
850 746 881 785 se
900 734 1048 787 convertat
1060 728 1125 806 quis
1143 729 1174 787 in
1190 730 1307 798 beluam
1318 747 1349 786 cn

400 815 519 873 hominis
532 816 624 894 ligura
635 816 839 875 immanitatem
852 824 934 895 gerat
947 818 1064 877 beluae‘l

439 994 517 1053 XXI.
541 996 637 1065 Quid?
658 995 707 1073 qui
720 996 813 1054 omnia
826 1002 904 1054 recta
922 1003 952 1054 et
971 998 1091 1055 honesta
1109 998 1271 1078 negligunt,
1284 998 1353 1058 dum

400 1084 486 1142 modo
503 1104 522 1162 p
532 1105 548 1143 o
558 1093 621 1143 ten
629 1093 642 1144 t
651 1085 660 1143 i
668 1105 685 1142 a
693 1105 722 1142 m
739 1092 956 1162 consequantur,
967 1105 1059 1144 nonne
1071 1087 1149 1146 idem
1159 1089 1277 1157 faciunt,
1288 1087 1356 1165 quod

400 1173 432 1241 is,
446 1175 495 1251 qui
508 1176 592 1233 etiam
606 1195 735 1233 socerum
753 1175 858 1233 habere
872 1175 961 1233 voluit
982 1195 1056 1245 eum,
1071 1177 1154 1254 cnjus
1171 1178 1235 1255 ipsc
1248 1177 1357 1237 audacia

368 1270 386 1321 2
401 1272 502 1341 potens
516 1266 612 1324 essct?
643 1266 720 1323 Utile
731 1265 756 1322 ei
766 1263 914 1323 videbatur
929 1265 1082 1343 plurimum
1096 1285 1182 1344 posse
1193 1268 1309 1326 alterius
1321 1266 1356 1325 in·

400 1354 490 1411 vidia:
512 1356 540 1413 id
555 1374 641 1432 quam
654 1355 790 1431 injustum
803 1354 832 1412 in
846 1354 975 1431 patriam,
987 1361 1016 1412 et
1029 1374 1115 1432 quam
1128 1363 1224 1434 turpe,
1236 1364 1267 1415 ct
1279 1375 1358 1435 quam

369 1451 385 1499 3
401 1443 497 1501 inutile
518 1452 601 1510 essct,
615 1462 672 1500 non
685 1444 806 1501 videbat.
849 1445 917 1521 Ipse
936 1450 1032 1502 autem
1051 1463 1131 1503 socer
1144 1446 1175 1503 in
1188 1465 1239 1504 ore
1253 1465 1358 1525 semper

402 1533 517 1589 Graecos
531 1551 628 1590 versus
642 1533 679 1589 de
693 1533 849 1591 Phoenissis
863 1534 995 1602 habebat,
1007 1553 1079 1610 quos
1090 1535 1183 1594 dicam
1197 1543 1233 1595 ut
1246 1543 1357 1618 potero3

401 1621 540 1678 incondite
555 1622 681 1690 sortasse,
696 1622 747 1681 sed
761 1629 858 1681 tamen
870 1630 904 1680 ut
916 1642 962 1681 res
975 1624 1065 1701 possit
1077 1624 1217 1703 intelligi:

518 1745 598 1801 Nam
611 1746 636 1801 si
649 1745 812 1802 violandam
826 1754 865 1802 cst
871 1741 930 1821 jai,
946 1746 1079 1818 reparandi
1089 1748 1187 1819 pratia

527 1835 696 1892 Violocdcm
709 1844 747 1892 ert
760 1854 769 1891 .·
789 1837 856 1892 aliie
869 1837 948 1892 rebus
955 1837 1087 1909 pietatem
1100 1837 1182 1896 cclcc.
1212 1903 1214 1908 Ι

367 1962 385 2014 4
401 1957 537 2035 Capitalis
556 1958 694 2025 Eteocles,
709 1957 755 2016 vel
775 1957 870 2035 potius
888 1957 1046 2035 Euripides,
1062 1958 1112 2035 qui
1128 1958 1159 2016 id
1172 1976 1273 2029 unum,
1287 1960 1361 2039 quod

400 2047 525 2104 omnium
545 2047 788 2105 sceleratissimum
807 2047 900 2115 fucrit,
916 2048 1065 2125 exceperit.
1107 2048 1185 2118 Quid
1203 2047 1292 2127 igitur
1311 2051 1360 2118 mi-

399 2143 468 2192 nuta
482 2136 645 2214 colligimus,
660 2137 840 2204 hereditates,
854 2142 1036 2205 mercaturas,
1051 2137 1227 2196 venditiones
1246 2140 1360 2197 fraudu·

368 2226 512 2283 5lentas‘l
552 2227 626 2284 Ecce
641 2227 699 2295 tibi,
715 2228 763 2305 qui
779 2246 830 2284 rex
850 2226 948 2304 populi
966 2227 1086 2285 Romami
1099 2227 1290 2308 dominusque
1304 2249 1361 2289 om·
1394 2240 1398 2247 '

368 2321 384 2372 6
400 2314 476 2372 nium
489 2316 616 2394 gentium
636 2335 697 2373 esse
719 2316 897 2395 concupierit,
912 2316 998 2395 idque
1018 2317 1175 2396 perfecerit.
1217 2318 1301 2378 Hanc
1315 2340 1360 2378 cu·

400 2405 548 2482 piditatem
559 2406 582 2462 si
592 2407 740 2464 honestam
751 2409 813 2484 quis
824 2426 885 2465 esse
895 2407 970 2476 dicit,
981 2427 1076 2465 amens
1087 2416 1139 2467 est.
1169 2409 1280 2469 Probat
1290 2411 1362 2469 enim

398 2494 496 2571 legum
504 2502 533 2552 et
542 2495 678 2552 libertatis
688 2497 845 2555 interitum:
861 2517 1012 2574 earumque
1023 2499 1243 2576 oppressionem,
1252 2507 1362 2559 taetrum

368 2585 383 2642 'l
400 2591 429 2641 et
443 2584 646 2652 detestabilem,
662 2586 814 2664 gloriosam
829 2594 920 2665 putat.
955 2588 1010 2657 Qui
1023 2595 1119 2645 autem
1132 2588 1248 2658 fatetur,
1261 2590 1360 2648 hones-

399 2681 460 2733 tum
473 2694 530 2733 non
543 2695 604 2733 esse
618 2676 646 2733 in
660 2695 693 2734 ca
707 2677 826 2744 civitate,
842 2697 906 2755 quoe
921 2677 1009 2735 libera
1025 2678 1087 2745 fuit,
1102 2696 1223 2756 quaequc
1238 2698 1299 2737 esse
1314 2680 1359 2738 de·

400 2766 474 2833 beat,
495 2786 622 2844 regnare,
642 2767 693 2825 sed
713 2768 748 2835 ei,
764 2767 811 2845 qui
831 2767 861 2823 id
884 2767 976 2825 facere
997 2769 1095 2846 possit,
1114 2787 1175 2826 esse
1196 2769 1283 2827 utile:
1306 2788 1360 2848 qua

399 2856 474 2914 hunc
498 2857 692 2936 objurgatione
713 2865 763 2915 aut
787 2876 843 2933 quo
868 2857 962 2935 potius
983 2858 1107 2916 convicio
1128 2877 1145 2915 a
1165 2865 1248 2918 tanto
1268 2879 1360 2920 errore

368 2953 384 3004 8
399 2966 483 3005 coner
503 2948 644 3005 avellere?
686 2949 786 3006 Potest
804 2946 887 3015 enim,
903 2947 941 3004 dii
954 2947 1135 3016 immortales,
1150 2948 1283 3026 cuiquam
1298 2970 1357 3009 esse

399 3037 466 3094 utile
480 3038 666 3095 foedissimum
680 3045 708 3096 et
722 3038 909 3096 taeterrimum
923 3037 1103 3114 parricidium
1120 3039 1220 3116 patriae
1234 3058 1240 3096 :
1263 3061 1358 3118 quam-

399 3127 439 3184 vis
460 3127 491 3195 is,
513 3127 562 3204 qui
582 3147 612 3185 se
632 3147 666 3185 co
690 3126 879 3195 obstrinxerit,
901 3127 938 3184 ab
958 3127 1101 3204 oppressis
1122 3127 1229 3185 civibus
1254 3130 1360 3188 Parem

368 3224 384 3274 9
400 3217 578 3274 nominetur?
607 3217 763 3274 Honestate
773 3217 860 3294 igitur
870 3216 1016 3293 dirigenda
1027 3216 1132 3274 utilitas
1143 3224 1195 3284 cst,
1207 3219 1360 3296 etquidem

400 3306 447 3372 sio,
463 3312 495 3363 ut
515 3307 578 3363 haeo
593 3305 659 3372 duo,
674 3306 761 3363 verbo
781 3307 853 3364 inter
872 3325 902 3363 se
917 3306 1086 3383 discrepare,
1101 3325 1131 3363 re
1151 3326 1242 3364 unum
1263 3326 1359 3367 sonare

348 3401 385 3452 10
400 3394 553 3452 videantur.
595 3394 660 3450 Non
673 3393 773 3462 habeo,
788 3395 826 3452 ad
840 3395 921 3474 vulgi
935 3395 1102 3474 opinionem,
1116 3414 1182 3472 quae
1201 3397 1295 3474 major
1306 3397 1358 3455 nti·

398 3483 470 3549 litus,
492 3501 577 3559 quam
597 3482 741 3560 regnandi,
764 3502 825 3543 esse
846 3475 1042 3562 possitz'nihil
1063 3492 1162 3543 contra
1181 3482 1307 3545 inutilius
1326 3487 1358 3553 ci,

399 3571 447 3649 qui
466 3571 570 3648 injuste
590 3580 757 3629 consecutus
778 3575 823 3641 sit,
845 3575 963 3641 invenie,
979 3594 1044 3631 cum
1064 3574 1101 3631 ad
1119 3575 1267 3633 veritatem
1287 3575 1359 3655 coepi

348 3668 383 3721 11
399 3680 531 3718 revocare
544 3661 687 3719 rationem.
729 3663 854 3721 Possunt
867 3664 940 3721 enim
955 3664 1087 3740 cuiquam
1100 3683 1163 3722 esse
1176 3664 1260 3722 utiles
1274 3670 1359 3745 ango·

399 3770 451 3818 res,
470 3750 677 3819 sollicitudines
693 3751 784 3808 diurni
805 3761 834 3810 et
853 3754 983 3811 nocturni
1002 3760 1104 3822 metuo,
1118 3753 1178 3811 vita
1197 3754 1358 3813 insidiarum

399 3839 642 3919 periculorumque
656 3841 839 3919 plenissima?

351 3966 389 4021 1⁶2
483 3963 577 4024 Molle
591 3964 683 4039 iniqui
695 3971 778 4038 atquc
791 3965 916 4039 infideles
929 3986 1018 4040 reparo,
1028 3967 1117 4041 pou-ci
1130 3974 1197 4023 ccccl
1210 3967 1281 4036 dorii,
