3259 4775
678 599 764 639 aman
777 600 797 639 ι.
840 599 906 640 cae.
922 600 962 640 11.
1294 585 1329 642 1a

242 746 246 753 ·
303 729 421 801 Quibus
442 729 529 790 rebus
553 729 687 788 effectum
710 737 763 799 est,
784 737 819 788 ιιι
845 730 953 789 infinita
980 732 1109 810 pecunias
1133 730 1291 810 cupiditas¹
1315 703 1342 778 s

303 795 497 891 essetsfflec
517 839 586 879 vero
605 821 646 903 rei
666 821 811 879 familiaris
832 822 1024 898 amplificatio,
1038 823 1141 881 nemini
1160 840 1275 890 nocens,

303 911 497 991 vituperanda
510 918 569 971 est:
590 912 641 971 sed
662 912 798 991 fugienda
810 930 926 991 semper
944 912 1046 992 injuria
1059 922 1112 973 est.
1154 913 1310 973 Maximet

304 1011 407 1062 autem
426 1002 608 1061 adducuntur
630 1002 765 1081 plerique,
785 1011 820 1062 ut
839 1023 889 1063 eos
908 1004 1027 1082 justitiae
1051 1004 1145 1084 capiat
1164 1003 1276 1073 oblivio,

306 1114 377 1153 cum
390 1094 419 1151 in
431 1094 621 1172 imperiorum,
632 1094 781 1163 honorum,
793 1095 893 1173 gloriae
907 1094 1093 1173 cupiditatem
1109 1094 1276 1155 inciderunt
1338 1111 1348 1136 ·

306 1185 399 1251 Quod
413 1185 487 1244 enim
499 1190 545 1243 est
557 1183 637 1264 apud
650 1184 783 1253 Ennium,
1292 1190 1311 1245 6

1322 779 1340 813 )

646 1297 751 1369 “cello
764 1320 860 1369 sancto
872 1313 993 1382 εοοίειαε,

630 1422 675 1461 nec
683 1403 758 1479 fides
770 1404 849 1478 regni
861 1412 901 1462 est
908 1423 923 1478 ;
931 1392 952 1427 ⁸

307 1535 337 1595 id
351 1535 437 1594 latius
447 1541 537 1614 patet.
577 1534 655 1594 Nam
669 1535 802 1614 quicquid
817 1537 958 1615 ejusmodi
968 1543 1020 1606 est,
1031 1536 1059 1596 in
1072 1556 1131 1615 quo
1143 1556 1200 1596 non
1214 1554 1279 1617 pos·

307 1627 366 1685 sint
380 1626 477 1704 plures
491 1626 638 1693 excellere,
653 1626 682 1684 in
703 1645 738 1685 eo
759 1628 792 1685 fit
805 1628 973 1706 plerumque
986 1636 1068 1686 tanta
1081 1628 1232 1696 contentio,
1247 1635 1281 1687 ut

307 1717 504 1777 difficillimum
523 1716 560 1774 ait
580 1736 692 1775 servare
710 1725 840 1776 sanctam
854 1718 1026 1777 societatem.
1068 1718 1231 1777 Declaravit
1250 1717 1280 1776 id
1296 1718 1312 1776 'l

307 1808 397 1866 modo
410 1807 553 1866 temeritas
568 1806 601 1866 Ο.
618 1808 748 1876 Caesaris,
764 1808 813 1886 qui
827 1809 922 1866 omnia
933 1809 999 1886 jura
1013 1808 1108 1866 divina
1126 1815 1213 1885 atque
1227 1808 1280 1865 hu·

307 1917 396 1957 mana
408 1898 545 1977 pervertit
559 1904 676 1977 propter
689 1917 765 1967 eum,
780 1917 867 1976 quem
881 1898 934 1957 sibi
955 1898 1018 1976 ipse
1032 1898 1169 1975 opinionis
1188 1916 1282 1957 errore

308 1991 439 2057 finxerat,
454 1988 651 2067 principatum.
692 1989 746 2047 Est
765 1995 863 2047 autem
877 1988 905 2046 in
918 1989 974 2047 hoc
995 2007 1099 2067 genere
1120 1988 1314 2057 molestum,8

307 2079 389 2158 quod
402 2079 432 2137 in
444 2079 573 2137 maximis
593 2079 693 2137 animis
712 2079 1004 2157 splendidissimisque
1025 2079 1142 2158 ingeniis
1156 2081 1280 2159 plerum·

308 2190 366 2248 que
387 2170 512 2228 existunt
531 2169 655 2236 honoris,
678 2169 796 2247 imperii,
821 2170 967 2247 potentiae,
982 2170 1080 2248 gloriae
1102 2170 1281 2249 cupiditates.

308 2259 876 2352 QQQm-Qwffl
900 2260 929 2317 in
953 2279 987 2318 eo
1011 2279 1115 2339 genere
1137 2268 1280 2339 peccetur.
1297 2268 1314 2320 9

307 2350 411 2411 Sedin
432 2350 509 2409 omni
527 2350 666 2429 injustitia
687 2343 862 2429 permultum
881 2341 1007 2420 interest,
1019 2349 1119 2409 ulrum
1134 2352 1282 2430 perturbat·

306 2443 386 2501 tione
400 2441 494 2519 aliqua
507 2441 601 2510 animi,
616 2461 684 2519 quae
705 2442 874 2520 plerumque
895 2443 989 2501 brevis
1003 2450 1047 2500 est
1061 2449 1092 2501 et
1106 2441 1143 2500 ad
1157 2450 1281 2520 tempus,

307 2554 346 2592 an
360 2533 493 2607 consulto
511 2539 542 2591 et
555 2533 682 2611 cogitata
701 2533 752 2590 fiat
771 2533 881 2610 injuria.
922 2533 1043 2591 Lesiora
1062 2533 1136 2591 enim
1158 2539 1335 2601 suntea,10

307 2643 376 2702 quae
389 2623 537 2702 repentino
550 2622 644 2700 aliquo
657 2630 740 2681 motu
752 2623 894 2691 accidunt,
906 2642 992 2702 quam
1006 2642 1126 2701 eaquae
1146 2622 1284 2681 meditata

308 2723 339 2774 et
362 2720 525 2794 praeparata
544 2713 711 2773 inferuntur.
753 2714 799 2773 Ac
821 2714 857 2772 de
877 2714 1023 2774 inferenda
1043 2714 1160 2793 quidem
1180 2714 1283 2792 injuria

308 2807 379 2864 satis
393 2805 502 2864 dictum
515 2811 568 2863 est.
578 2794 627 2895 s}
639 2807 687 2890 ιζ)
759 2814 840 2901 ¹⁴⁴⁴?
870 2803 873 2811 “
996 2846 1001 2857 .
1033 2822 1036 2829 ’
1072 2803 1106 2891 ‘J'

351 2987 403 3045 IX.
424 2985 682 3045 Praetermittendae
702 2993 799 3045 autem
821 2986 1000 3051 defensionis,
1017 2983 1223 3061 deserendique
1240 2985 1281 3043 ol-

310 3078 368 3136 ficii
389 3077 484 3155 plures
506 3077 600 3134 solent
626 3095 689 3134 esse
720 3095 822 3135 causae.
875 3075 950 3132 Nam
975 3082 1026 3131 aut
1047 3073 1212 3142 inimicitias,
1233 3084 1344 3134 aut-⁰·

309 3169 447 3234 laborem,
461 3174 512 3225 aut
525 3175 658 3245 sumptus
672 3167 816 3245 suscipere
837 3165 953 3232 nolunt;
975 3171 1025 3222 aut
1039 3165 1123 3223 etiam
1138 3166 1282 3245 negligen-

309 3260 361 3326 tia,
375 3258 495 3337 pigritia,
510 3258 626 3326 inertia3
648 3264 699 3316 curt
713 3258 771 3314 suis
785 3256 887 3314 studiis
908 3255 1080 3334 quibusdam
1093 3257 1282 3335 occupationi·

309 3352 402 3409 busre
417 3349 456 3406 sic
471 3349 672 3426 impediuntur,
687 3355 720 3406 ut
735 3367 792 3414 eos
807 3367 880 3426 quos
899 3348 986 3405 tutari
1007 3348 1139 3416 debeant,
1155 3349 1283 3407 desertos

309 3459 374 3498 esse
397 3439 549 3517 patiantur.
592 3440 695 3516 Itaque
718 3438 875 3496 videndum
896 3446 948 3506 est,
963 3458 998 3496 ne
1019 3459 1076 3497 non
1097 3440 1165 3497 satis
1187 3440 1223 3497 sit
1243 3438 1314 3506 ida

308 3529 389 3609 quod
404 3529 483 3608 apud
496 3530 646 3588 Platonem
656 3530 738 3587 estin
750 3529 935 3607 philosophos
950 3529 1073 3588 dictum:
1095 3529 1172 3607 quod
1183 3530 1211 3586 in
1224 3529 1283 3587 veri

307 3620 526 3700 investigatione
551 3627 705 3686 versentur,
728 3619 863 3697 quodque
890 3639 932 3687 ea,
956 3640 1021 3697 quae
1048 3620 1174 3697 plerique
1198 3620 1282 3676 vehe-

308 3718 423 3770 menter
440 3717 584 3788 expetant,
601 3710 754 3788 dequibus
772 3710 846 3768 inter
866 3730 896 3769 se
916 3710 1065 3789 digladiari
1083 3710 1199 3776 soleant,
1216 3729 1281 3766 con-

309 3808 442 3861 temnant
456 3807 486 3859 et
506 3820 559 3878 pro
579 3801 666 3858 nihilo
681 3808 792 3878 putent,
807 3807 960 3878 propterea
978 3801 1073 3878 justos
1093 3800 1163 3858 esse.
1206 3800 1314 3857 Nam3

307 3892 435 3953 alterum
453 3892 573 3969 justitiae
594 3911 685 3970 genus
706 3898 903 3968 assequuntur,
919 3891 948 3948 in
965 3890 1111 3950 inferenda
1125 3881 1160 3948 nc
1175 3891 1221 3948 cui
1234 3909 1282 3948 no·
1297 3893 1314 3946 4

307 3989 396 4044 ceant
408 3982 527 4061 injuria;
547 3983 576 4040 in
589 3982 710 4040 alterum
723 3981 867 4040 incidunt:
889 3979 1016 4039 discendi
1037 3982 1110 4039 enim
1124 3980 1219 4038 studio
1232 3978 1284 4038 im·
