3259 4775
657 603 743 642 nmen
756 603 775 642 r.
818 604 884 643 cnr.
900 605 946 644 xx.
1274 591 1310 648 27

292 729 397 789 tinacia
417 736 447 789 et
466 730 551 788 nimia
572 731 712 810 cupiditas
734 732 908 811 principatus
922 733 1082 793 innascitur.
1124 735 1166 793 Ut
1186 735 1291 795 enim't

291 819 374 898 apud
397 820 550 878 Platonem
571 828 624 889 est,
650 841 762 880 omnem
785 842 894 881 morem
918 824 1198 883 Lacedaemoniorum
1217 825 1258 883 in·

292 909 473 968 flammatum
493 929 555 968 esse
575 911 731 989 cupiditate
751 912 898 970 vincendi:
919 913 968 980 sic,
989 920 1022 972 ut
1041 915 1159 992 quisque
1173 915 1258 974 animi

292 1000 488 1078 magnitudine
520 1001 642 1058 maxime
666 1002 785 1070 excellit,
813 1003 853 1059 ita
882 1004 1004 1060 maxima
1031 1005 1093 1062 vult
1127 1006 1257 1083 princeps

292 1090 419 1148 omnium
440 1090 486 1147 vel
510 1090 605 1167 potius
629 1092 705 1148 solus
730 1110 800 1149 esse.
852 1092 971 1151 Difficile
994 1101 1090 1151 autem
1117 1103 1170 1163 est,
1192 1102 1288 1155 cum8

292 1188 433 1257 praestare
455 1180 584 1238 omnibus
605 1181 787 1259 concupieris,
809 1200 921 1239 servare
942 1184 1194 1262 aequitatemque
1213 1193 1257 1243 est

289 1270 410 1347 justitiae
424 1270 545 1327 maxime
560 1270 682 1347 propria.
724 1270 767 1327 Ex
778 1290 835 1348 quo
848 1272 889 1339 fit,
901 1278 934 1330 ut
948 1291 1040 1349 neque
1054 1272 1256 1351 disceptatione
1271 1282 1288 1333 o

292 1359 417 1417 vinciae
437 1378 490 1417 ncc
508 1359 567 1417 ullo
588 1360 702 1436 publico
722 1379 756 1418 ac
780 1360 906 1439 legitimo
924 1361 988 1438 jure
1009 1362 1169 1440 patiantur:
1199 1365 1255 1423 cxi·

290 1456 428 1526 stuntque
448 1449 525 1506 inre
544 1449 659 1527 publica
680 1450 847 1527 plerumque
868 1450 1016 1529 largitores
1034 1460 1064 1510 et
1085 1452 1201 1523 factiosi,
1223 1463 1257 1513 ut

289 1558 363 1618 opes
376 1558 464 1615 quam
483 1539 619 1596 maximas
634 1548 849 1616 consequantur,
864 1547 893 1597 et
913 1542 969 1599 sint
982 1542 1009 1600 vi
1022 1543 1116 1620 potius
1130 1545 1255 1622 superio·

288 1648 344 1697 res,
356 1647 443 1706 quam
453 1628 563 1705 justitia
576 1647 668 1706 pares.
709 1628 768 1687 Sed
782 1649 839 1708 quo
853 1629 998 1699 difficilius,
1014 1633 1068 1691 hoc
1082 1635 1254 1711 preclarius.
1272 1642 1307 1693 10

288 1719 413 1777 Nullum
423 1719 498 1776 enim
512 1724 556 1775 est
569 1719 778 1796 tempuS,qu0d
789 1721 900 1797 justitia
909 1740 1011 1779 vacare
1021 1722 1133 1781 debeat.
1155 1724 1255 1782 Fortes
1272 1731 1305 1783 11

288 1809 378 1888 igitur
397 1815 428 1866 et
447 1807 619 1886 magnanimi
638 1816 706 1870 ant
726 1809 860 1877 habendi,
874 1829 931 1867 non
945 1811 993 1887 qui
1012 1811 1127 1879 faciunt,
1143 1813 1194 1870 sed
1208 1815 1257 1890 qui

288 1898 610 1977 propulsantinjuriam.
639 1898 717 1955 Vera
727 1905 824 1956 autem
834 1906 863 1956 et
873 1900 985 1977 sapiens
996 1901 1080 1958 animi
1089 1902 1255 1979 magnitudo

288 1989 444 2046 honestum
464 1987 543 2055 illud,
558 1987 635 2064 quod
657 1988 778 2045 maxime
792 1995 894 2045 natura
914 1990 1049 2066 sequitur,
1065 1989 1189 2049 intactis
1204 2012 1254 2070 po-

288 2078 387 2147 situm,
402 2097 460 2135 non
479 2078 508 2134 in
528 2077 620 2155 gloria
636 2077 755 2154 judicat,
771 2078 983 2156 principemque
1003 2097 1035 2137 se
1055 2099 1117 2139 csse
1137 2082 1254 2150 mavult,

288 2186 379 2246 quam
397 2166 494 2226 videri.
535 2167 647 2224 Etenim
669 2167 772 2244 quiex
795 2186 889 2227 errore
909 2168 1048 2246 imperitae
1069 2171 1256 2230 multitudinis
1272 2179 1307 2230 12

288 2258 410 2335 pendet,
421 2257 468 2315 hio
481 2257 510 2314 in
523 2256 634 2334 magnis
645 2257 711 2313 viris
725 2276 781 2314 non
795 2265 839 2315 est
852 2258 1009 2317 habendus.
1052 2259 1195 2319 Facillime
1206 2282 1254 2320 au·
1271 2267 1306 2320 13

288 2357 352 2431 tem
371 2347 410 2406 ad
427 2365 473 2405 res
490 2346 609 2425 injustas
629 2346 790 2424 impellitur,
812 2354 845 2406 ut
866 2348 984 2426 quisque
1006 2349 1142 2409 altissimo
1162 2351 1255 2411 animo

288 2446 345 2508 est,
367 2438 466 2517 gloriae
485 2436 650 2514 cupiditate.
693 2437 748 2506 Qui
767 2438 848 2495 locus
869 2444 913 2495 est
932 2458 1000 2496 sane
1020 2440 1153 2508 lubricus,
1178 2442 1256 2520 quod

286 2530 338 2588 vix
351 2528 501 2594 invenitur,
512 2527 570 2605 qui,
584 2527 729 2586 laboribus
743 2528 883 2605 susceptis
897 2529 1084 2607 periculisque
1097 2531 1189 2600 aditis,
1200 2551 1256 2589 non

285 2618 373 2699 quasi
385 2617 546 2701 mercedem
559 2635 654 2674 rerum
668 2626 814 2696 gestarum
828 2618 970 2677 desideret
982 2620 1109 2698 gloriam.

1269 2732 1374 2824 Ἀ

328 2798 395 2859 ΧΧ.
417 2797 537 2856 Omnino
547 2796 626 2855 fortis
635 2797 743 2854 animus
754 2805 783 2855 et
792 2817 913 2876 magnus
921 2799 1033 2858 duabus
1043 2802 1128 2860 rebus
1136 2819 1256 2859 mamme

286 2889 433 2951 cernitur:
454 2907 576 2966 quarum
590 2907 647 2944 una
660 2887 689 2944 in
702 2906 796 2945 rerum
809 2896 990 2947 extemarum
1008 2888 1191 2967 despicientia
1204 2909 1254 2968 po·

285 2981 376 3047 nitur,
400 2998 465 3036 cum
488 2996 654 3055 persuasum
676 2977 721 3044 sit,
743 2978 811 3035 nihil
831 2978 982 3045 hominem,
997 2979 1049 3035 nisi
1070 2978 1147 3054 quod
1169 2980 1256 3036 hone·

287 3077 370 3128 atum
383 3067 574 3145 decorumque
594 3067 639 3134 sit,
654 3075 705 3124 aut
725 3067 857 3125 admirari
877 3074 927 3124 aut
946 3075 1045 3144 optare
1059 3074 1109 3123 aut
1123 3075 1255 3144 expetere

288 3166 433 3238 oportere,
448 3157 573 3234 nullique
596 3176 688 3234 neque
708 3157 815 3215 homini
835 3175 926 3234 neque
949 3157 1153 3233 perturbationi
1172 3158 1257 3215 ammi

288 3269 346 3308 nec
360 3248 481 3306 lortunae'
495 3247 687 3305 succumbere.
728 3247 831 3304 Altera
845 3255 889 3305 est
906 3265 960 3314 res,
975 3253 1018 3315 ut,
1032 3266 1097 3305 cum
1110 3247 1150 3304 ita
1163 3247 1201 3304 sis
1215 3247 1255 3304 af-
1271 3254 1288 3304 2

287 3340 386 3397 fectus
407 3338 508 3406 enimc,
522 3344 556 3394 ut
568 3354 655 3414 supra
670 3337 736 3404 dixi,
750 3356 796 3394 res
815 3356 900 3415 geras
920 3356 1039 3416 magnas
1059 3337 1122 3395 illas
1142 3338 1256 3415 quidem

287 3436 321 3487 et
335 3427 458 3485 maxime
471 3426 564 3495 utiles,
578 3426 629 3484 sed
642 3432 676 3484 ut
688 3426 872 3484 vehementer
885 3428 989 3485 arduas
1002 3427 1157 3505 plenasque
1177 3427 1255 3486 lebo-

287 3535 359 3577 rum
380 3523 410 3574 et
432 3516 622 3594 periculorum
642 3536 708 3574 cum
728 3517 794 3574 vitae
818 3525 878 3574 tum
901 3517 1054 3575 multarum
1074 3537 1177 3585 rerum,
1192 3537 1257 3595 quae

287 3606 331 3664 ad
345 3605 433 3663 vitam
447 3606 597 3684 pertinent.
638 3606 749 3663 Harum
766 3624 861 3663 rerum
876 3608 996 3665 duarum
1010 3607 1145 3684 splendor
1158 3608 1255 3674 omnis,
1272 3614 1288 3663 3

287 3695 464 3772 amplitudo,
478 3695 555 3754 addo
575 3696 660 3753 etiam
680 3696 842 3764 utilitatem,
865 3697 893 3753 in
915 3697 1069 3775 posteriore
1090 3705 1150 3754 est:
1173 3715 1258 3754 causa

286 3792 393 3845 autem
407 3791 436 3843 et
450 3786 523 3844 ratio
533 3786 654 3844 efficiens
668 3804 789 3863 magnos
798 3785 873 3844 viros
883 3795 927 3843 est
939 3787 968 3843 in
983 3787 1083 3863 priore.
1125 3787 1204 3860 lnce
1215 3792 1259 3843 est

286 3874 370 3936 enim
389 3875 470 3944 illud,
484 3875 562 3954 quod
582 3876 753 3935 excellentes
774 3876 882 3934 animos
896 3884 926 3935 ct
938 3877 1065 3935 humana
1079 3881 1258 3934 contemnen-

288 3977 340 4025 tes
351 3963 430 4025 lacit.
