<?xml version="1.0" encoding="UTF-8"?>
<!DOCTYPE html PUBLIC "-//W3C//DTD XHTML 1.0 Transitional//EN"
    "http://www.w3.org/TR/xhtml1/DTD/xhtml1-transitional.dtd">
<html xmlns="http://www.w3.org/1999/xhtml" xml:lang="en" lang="en">
 <head>
  <title>
</title>
<meta http-equiv="Content-Type" content="text/html;charset=utf-8" />
  <meta name='ocr-system' content='tesseract 3.04.00' />
  <meta name='ocr-capabilities' content='ocr_page ocr_carea ocr_par ocr_line ocrx_word'/>
</head>
<body>
  <div class='ocr_page' id='page_1' title='image "./mtulliiciceroni00thacgoog_0030.png"; bbox 0 0 3259 4775; ppageno 0'>
   <div class='ocr_carea' id='block_1_1' title="bbox 361 550 954 601">
    <p class='ocr_par' dir='ltr' id='par_1_1' title="bbox 361 550 954 601">
     <span class='ocr_line' id='line_1_1' title="bbox 361 550 954 601; baseline -0.003 0"><span class='ocrx_word' id='word_1_1' title='bbox 361 550 395 601; x_wconf 75' lang='lat'><strong>22</strong></span> <span class='ocrx_word' id='word_1_2' title='bbox 773 560 811 598; x_wconf 82' lang='lat' dir='ltr'><strong>nn</strong></span> <span class='ocrx_word' id='word_1_3' title='bbox 827 560 954 599; x_wconf 81' lang='lat' dir='ltr'><strong>ornrcns</strong></span> 
     </span>
    </p>
   </div>
   <div class='ocr_carea' id='block_1_2' title="bbox 274 687 1424 3747">
    <p class='ocr_par' dir='ltr' id='par_1_2' title="bbox 274 687 1424 3747">
     <span class='ocr_line' id='line_1_2' title="bbox 354 687 1382 769; baseline -0.004 -18"><span class='ocrx_word' id='word_1_4' title='bbox 354 721 358 764; x_wconf 75' lang='lat' dir='ltr'><strong>t</strong></span> <span class='ocrx_word' id='word_1_5' title='bbox 412 691 585 769; x_wconf 90' lang='lat' dir='ltr'><strong>utquisque</strong></span> <span class='ocrx_word' id='word_1_6' title='bbox 608 689 732 749; x_wconf 83' lang='lat' dir='ltr'>maxime</span> <span class='ocrx_word' id='word_1_7' title='bbox 755 689 907 748; x_wconf 84' lang='lat' dir='ltr'><strong>virtutibus</strong></span> <span class='ocrx_word' id='word_1_8' title='bbox 933 690 978 748; x_wconf 88' lang='lat' dir='ltr'><strong>his</strong></span> <span class='ocrx_word' id='word_1_9' title='bbox 1001 687 1153 748; x_wconf 73' lang='lat' dir='ltr'><strong>lenioribus</strong></span> <span class='ocrx_word' id='word_1_10' title='bbox 1177 688 1230 747; x_wconf 88' lang='lat' dir='ltr'><strong>erit</strong></span> <span class='ocrx_word' id='word_1_11' title='bbox 1252 694 1382 758; x_wconf 67' lang='lat' dir='ltr'><strong>omatua</strong></span> 
     </span>
     <span class='ocr_line' id='line_1_3' title="bbox 411 777 1384 858; baseline -0.001 -18"><span class='ocrx_word' id='word_1_12' title='bbox 411 781 558 849; x_wconf 84' lang='lat' dir='ltr'><strong>modestia,</strong></span> <span class='ocrx_word' id='word_1_13' title='bbox 579 779 773 858; x_wconf 80' lang='lat' dir='ltr'><strong>temperantia,</strong></span> <span class='ocrx_word' id='word_1_14' title='bbox 794 781 851 837; x_wconf 88' lang='lat' dir='ltr'><strong>hac</strong></span> <span class='ocrx_word' id='word_1_15' title='bbox 873 780 945 857; x_wconf 88' lang='lat' dir='ltr'><strong>ipsa,</strong></span> <span class='ocrx_word' id='word_1_16' title='bbox 966 780 1004 838; x_wconf 89' lang='lat' dir='ltr'><strong>de</strong></span> <span class='ocrx_word' id='word_1_17' title='bbox 1027 798 1085 857; x_wconf 89' lang='lat' dir='ltr'><strong>qua</strong></span> <span class='ocrx_word' id='word_1_18' title='bbox 1106 779 1199 837; x_wconf 87' lang='lat' dir='ltr'><strong>multe</strong></span> <span class='ocrx_word' id='word_1_19' title='bbox 1217 777 1279 857; x_wconf 87' lang='lat' dir='ltr'><strong>jam</strong></span> <span class='ocrx_word' id='word_1_20' title='bbox 1303 778 1384 839; x_wconf 84' lang='lat' dir='ltr'><strong>dicta</strong></span> 
     </span>
     <span class='ocr_line' id='line_1_4' title="bbox 380 869 1390 950; baseline -0.002 -19"><span class='ocrx_word' id='word_1_21' title='bbox 380 879 397 931; x_wconf 81' lang='lat'>2</span> <span class='ocrx_word' id='word_1_22' title='bbox 412 878 487 939; x_wconf 86' lang='lat' dir='ltr'><strong>sunt,</strong></span> <span class='ocrx_word' id='word_1_23' title='bbox 500 871 619 950; x_wconf 88' lang='lat' dir='ltr'><strong>justitia.</strong></span> <span class='ocrx_word' id='word_1_24' title='bbox 660 870 737 929; x_wconf 89' lang='lat' dir='ltr'><strong>Nam</strong></span> <span class='ocrx_word' id='word_1_25' title='bbox 751 870 832 928; x_wconf 81' lang='lat' dir='ltr'><strong>fortis</strong></span> <span class='ocrx_word' id='word_1_26' title='bbox 845 871 955 927; x_wconf 88' lang='lat' dir='ltr'><strong>animus</strong></span> <span class='ocrx_word' id='word_1_27' title='bbox 969 878 999 928; x_wconf 90' lang='lat' dir='ltr'><strong>et</strong></span> <span class='ocrx_word' id='word_1_28' title='bbox 1012 889 1142 949; x_wconf 80' lang='lat' dir='ltr'><strong>magnus,</strong></span> <span class='ocrx_word' id='word_1_29' title='bbox 1153 870 1183 927; x_wconf 91' lang='lat' dir='ltr'><strong>in</strong></span> <span class='ocrx_word' id='word_1_30' title='bbox 1195 869 1309 927; x_wconf 88' lang='lat' dir='ltr'><strong>homine</strong></span> <span class='ocrx_word' id='word_1_31' title='bbox 1324 889 1390 929; x_wconf 90' lang='lat' dir='ltr'><strong>non·</strong></span> 
     </span>
     <span class='ocr_line' id='line_1_5' title="bbox 411 959 1382 1040; baseline -0.002 -19"><span class='ocrx_word' id='word_1_32' title='bbox 411 962 537 1040; x_wconf 69' lang='lat' dir='ltr'><strong>perlecto</strong></span> <span class='ocrx_word' id='word_1_33' title='bbox 550 981 602 1019; x_wconf 92' lang='lat' dir='ltr'><strong>nec</strong></span> <span class='ocrx_word' id='word_1_34' title='bbox 616 961 751 1039; x_wconf 80' lang='lat' dir='ltr'>sapiente,</span> <span class='ocrx_word' id='word_1_35' title='bbox 762 960 915 1018; x_wconf 86' lang='lat' dir='ltr'><strong>ferventior</strong></span> <span class='ocrx_word' id='word_1_36' title='bbox 929 960 1098 1038; x_wconf 86' lang='lat' dir='ltr'><strong>plerumque</strong></span> <span class='ocrx_word' id='word_1_37' title='bbox 1111 960 1248 1027; x_wconf 85' lang='lat' dir='ltr'><strong>est:,illae</strong></span> <span class='ocrx_word' id='word_1_38' title='bbox 1260 959 1382 1019; x_wconf 87' lang='lat' dir='ltr'><strong>virtutes</strong></span> 
     </span>
     <span class='ocr_line' id='line_1_6' title="bbox 352 1041 1382 1130; baseline -0.002 -19"><span class='ocrx_word' id='word_1_39' title='bbox 352 1041 357 1098; x_wconf 71' lang='grc' dir='ltr'>ἶ</span> <span class='ocrx_word' id='word_1_40' title='bbox 412 1054 521 1111; x_wconf 92' lang='lat' dir='ltr'><strong>bonum</strong></span> <span class='ocrx_word' id='word_1_41' title='bbox 535 1053 627 1110; x_wconf 91' lang='lat' dir='ltr'><strong>virum</strong></span> <span class='ocrx_word' id='word_1_42' title='bbox 641 1052 773 1110; x_wconf 87' lang='lat' dir='ltr'><strong>videntur</strong></span> <span class='ocrx_word' id='word_1_43' title='bbox 788 1050 883 1129; x_wconf 90' lang='lat' dir='ltr'><strong>potius</strong></span> <span class='ocrx_word' id='word_1_44' title='bbox 897 1051 1045 1130; x_wconf 88' lang='lat' dir='ltr'><strong>attingere.</strong></span> <span class='ocrx_word' id='word_1_45' title='bbox 1086 1051 1186 1129; x_wconf 83' lang='lat' dir='ltr'><strong>Atque</strong></span> <span class='ocrx_word' id='word_1_46' title='bbox 1200 1050 1306 1109; x_wconf 86' lang='lat' dir='ltr'><strong>haecin</strong></span> <span class='ocrx_word' id='word_1_47' title='bbox 1319 1070 1382 1109; x_wconf 90' lang='lat' dir='ltr'><strong>mo·</strong></span> 
     </span>
     <span class='ocr_line' id='line_1_7' title="bbox 352 1129 1383 1221; baseline -0.002 -20"><span class='ocrx_word' id='word_1_48' title='bbox 352 1129 358 1154; x_wconf 66' lang='lat'>⁸</span> <span class='ocrx_word' id='word_1_49' title='bbox 379 1143 498 1202; x_wconf 86' lang='lat' dir='ltr'><strong>3ribus.</strong></span> <span class='ocrx_word' id='word_1_50' title='bbox 540 1143 585 1202; x_wconf 93' lang='lat' dir='ltr'><strong>De</strong></span> <span class='ocrx_word' id='word_1_51' title='bbox 608 1142 796 1202; x_wconf 90' lang='lat' dir='ltr'><strong>benivolentia</strong></span> <span class='ocrx_word' id='word_1_52' title='bbox 817 1148 922 1209; x_wconf 88' lang='lat' dir='ltr'><strong>autem,</strong></span> <span class='ocrx_word' id='word_1_53' title='bbox 937 1132 1024 1219; x_wconf 64' lang='lat' dir='ltr'><strong>duam</strong></span> <span class='ocrx_word' id='word_1_54' title='bbox 1044 1140 1163 1218; x_wconf 90' lang='lat' dir='ltr'><strong>quisque</strong></span> <span class='ocrx_word' id='word_1_55' title='bbox 1183 1141 1291 1199; x_wconf 88' lang='lat' dir='ltr'><strong>habeat</strong></span> <span class='ocrx_word' id='word_1_56' title='bbox 1311 1160 1383 1221; x_wconf 81' lang='lat' dir='ltr'><strong>erge</strong></span> 
     </span>
     <span class='ocr_line' id='line_1_8' title="bbox 274 1231 1381 1312; baseline 0.001 -22"><span class='ocrx_word' id='word_1_57' title='bbox 274 1233 278 1240; x_wconf 88' lang='lat'>&#39;</span> <span class='ocrx_word' id='word_1_58' title='bbox 409 1252 470 1302; x_wconf 91' lang='lat' dir='ltr'><strong>nos,</strong></span> <span class='ocrx_word' id='word_1_59' title='bbox 487 1233 610 1312; x_wconf 90' lang='lat' dir='ltr'><strong>primum</strong></span> <span class='ocrx_word' id='word_1_60' title='bbox 629 1231 700 1291; x_wconf 92' lang='lat' dir='ltr'><strong>illud</strong></span> <span class='ocrx_word' id='word_1_61' title='bbox 722 1238 766 1289; x_wconf 90' lang='lat' dir='ltr'><strong>est</strong></span> <span class='ocrx_word' id='word_1_62' title='bbox 786 1231 815 1289; x_wconf 88' lang='lat' dir='ltr'><strong>in</strong></span> <span class='ocrx_word' id='word_1_63' title='bbox 837 1231 937 1299; x_wconf 90' lang='lat' dir='ltr'><strong>officio,</strong></span> <span class='ocrx_word' id='word_1_64' title='bbox 951 1238 985 1289; x_wconf 92' lang='lat' dir='ltr'><strong>ut</strong></span> <span class='ocrx_word' id='word_1_65' title='bbox 998 1231 1025 1289; x_wconf 89' lang='lat' dir='ltr'><strong>ei</strong></span> <span class='ocrx_word' id='word_1_66' title='bbox 1037 1232 1191 1309; x_wconf 89' lang='lat' dir='ltr'><strong>plurimum</strong></span> <span class='ocrx_word' id='word_1_67' title='bbox 1211 1231 1381 1301; x_wconf 84' lang='lat' dir='ltr'><strong>tribuamus,</strong></span> 
     </span>
     <span class='ocr_line' id='line_1_9' title="bbox 410 1321 1382 1402; baseline 0.001 -21"><span class='ocrx_word' id='word_1_68' title='bbox 410 1343 507 1402; x_wconf 86' lang='lat' dir='ltr'><strong>aquo</strong></span> <span class='ocrx_word' id='word_1_69' title='bbox 530 1323 685 1401; x_wconf 86' lang='lat' dir='ltr'><strong>plurimum</strong></span> <span class='ocrx_word' id='word_1_70' title='bbox 708 1322 869 1401; x_wconf 82' lang='lat' dir='ltr'><strong>diligamur.</strong></span> <span class='ocrx_word' id='word_1_71' title='bbox 911 1322 970 1379; x_wconf 83' lang='lat' dir='ltr'><strong>Sed</strong></span> <span class='ocrx_word' id='word_1_72' title='bbox 991 1321 1209 1380; x_wconf 88' lang='lat' dir='ltr'><strong>benivolentiam</strong></span> <span class='ocrx_word' id='word_1_73' title='bbox 1230 1341 1288 1379; x_wconf 91' lang='lat' dir='ltr'><strong>non</strong></span> <span class='ocrx_word' id='word_1_74' title='bbox 1311 1322 1382 1382; x_wconf 88' lang='lat' dir='ltr'><strong>ade-</strong></span> 
     </span>
     <span class='ocr_line' id='line_1_10' title="bbox 410 1411 1383 1489; baseline -0.001 -17"><span class='ocrx_word' id='word_1_75' title='bbox 410 1414 631 1472; x_wconf 86' lang='lat' dir='ltr'><strong>lescentulorum</strong></span> <span class='ocrx_word' id='word_1_76' title='bbox 653 1430 734 1470; x_wconf 92' lang='lat' dir='ltr'><strong>more</strong></span> <span class='ocrx_word' id='word_1_77' title='bbox 757 1412 859 1470; x_wconf 86' lang='lat' dir='ltr'><strong>ardore</strong></span> <span class='ocrx_word' id='word_1_78' title='bbox 879 1412 1004 1489; x_wconf 89' lang='lat' dir='ltr'><strong>quodam</strong></span> <span class='ocrx_word' id='word_1_79' title='bbox 1027 1411 1138 1480; x_wconf 88' lang='lat' dir='ltr'><strong>amoris,</strong></span> <span class='ocrx_word' id='word_1_80' title='bbox 1154 1411 1207 1470; x_wconf 88' lang='lat' dir='ltr'><strong>sed</strong></span> <span class='ocrx_word' id='word_1_81' title='bbox 1227 1411 1383 1471; x_wconf 75' lang='lat' dir='ltr'><strong>stabilitate</strong></span> 
     </span>
     <span class='ocr_line' id='line_1_11' title="bbox 379 1502 1384 1581; baseline 0.002 -20"><span class='ocrx_word' id='word_1_82' title='bbox 379 1503 506 1581; x_wconf 83' lang='lat' dir='ltr'><strong>4potius</strong></span> <span class='ocrx_word' id='word_1_83' title='bbox 528 1510 558 1560; x_wconf 90' lang='lat' dir='ltr'><strong>et</strong></span> <span class='ocrx_word' id='word_1_84' title='bbox 580 1502 737 1560; x_wconf 86' lang='lat' dir='ltr'><strong>constantia</strong></span> <span class='ocrx_word' id='word_1_85' title='bbox 757 1502 929 1580; x_wconf 87' lang='lat' dir='ltr'><strong>judicemus.</strong></span> <span class='ocrx_word' id='word_1_86' title='bbox 971 1502 1022 1560; x_wconf 88' lang='lat' dir='ltr'><strong>Sin</strong></span> <span class='ocrx_word' id='word_1_87' title='bbox 1041 1509 1126 1560; x_wconf 90' lang='lat' dir='ltr'><strong>erunt</strong></span> <span class='ocrx_word' id='word_1_88' title='bbox 1147 1502 1255 1571; x_wconf 81' lang='lat' dir='ltr'><strong>merita,</strong></span> <span class='ocrx_word' id='word_1_89' title='bbox 1270 1509 1304 1560; x_wconf 87' lang='lat' dir='ltr'><strong>ut</strong></span> <span class='ocrx_word' id='word_1_90' title='bbox 1324 1522 1384 1562; x_wconf 89' lang='lat' dir='ltr'><strong>non</strong></span> 
     </span>
     <span class='ocr_line' id='line_1_12' title="bbox 409 1592 1382 1671; baseline 0 -20"><span class='ocrx_word' id='word_1_91' title='bbox 409 1592 540 1660; x_wconf 85' lang='lat' dir='ltr'><strong>ineunda,</strong></span> <span class='ocrx_word' id='word_1_92' title='bbox 556 1592 608 1651; x_wconf 89' lang='lat' dir='ltr'><strong>sed</strong></span> <span class='ocrx_word' id='word_1_93' title='bbox 625 1592 775 1650; x_wconf 87' lang='lat' dir='ltr'><strong>referenda</strong></span> <span class='ocrx_word' id='word_1_94' title='bbox 793 1593 830 1650; x_wconf 89' lang='lat' dir='ltr'><strong>sit</strong></span> <span class='ocrx_word' id='word_1_95' title='bbox 848 1592 949 1671; x_wconf 84' lang='lat' dir='ltr'><strong>gratia,</strong></span> <span class='ocrx_word' id='word_1_96' title='bbox 964 1593 1056 1671; x_wconf 89' lang='lat' dir='ltr'><strong>major</strong></span> <span class='ocrx_word' id='word_1_97' title='bbox 1070 1592 1204 1670; x_wconf 85' lang='lat' dir='ltr'><strong>quaedam</strong></span> <span class='ocrx_word' id='word_1_98' title='bbox 1219 1612 1286 1652; x_wconf 89' lang='lat' dir='ltr'><strong>cura</strong></span> <span class='ocrx_word' id='word_1_99' title='bbox 1299 1593 1382 1651; x_wconf 87' lang='lat' dir='ltr'><strong>adhi-</strong></span> 
     </span>
     <span class='ocr_line' id='line_1_13' title="bbox 410 1682 1383 1763; baseline 0 -22"><span class='ocrx_word' id='word_1_100' title='bbox 410 1684 505 1742; x_wconf 89' lang='lat' dir='ltr'><strong>benda</strong></span> <span class='ocrx_word' id='word_1_101' title='bbox 526 1690 577 1741; x_wconf 87' lang='lat' dir='ltr'><strong>est.</strong></span> <span class='ocrx_word' id='word_1_102' title='bbox 619 1683 739 1741; x_wconf 91' lang='lat' dir='ltr'><strong>Nullum</strong></span> <span class='ocrx_word' id='word_1_103' title='bbox 762 1683 837 1741; x_wconf 88' lang='lat' dir='ltr'><strong>enim</strong></span> <span class='ocrx_word' id='word_1_104' title='bbox 858 1682 981 1741; x_wconf 90' lang='lat' dir='ltr'><strong>officium</strong></span> <span class='ocrx_word' id='word_1_105' title='bbox 1004 1684 1153 1741; x_wconf 83' lang='lat' dir='ltr'><strong>referenda</strong></span> <span class='ocrx_word' id='word_1_106' title='bbox 1175 1684 1267 1763; x_wconf 85' lang='lat' dir='ltr'><strong>gratia</strong></span> <span class='ocrx_word' id='word_1_107' title='bbox 1286 1683 1383 1763; x_wconf 84' lang='lat' dir='ltr'><strong>magis</strong></span> 
     </span>
     <span class='ocr_line' id='line_1_14' title="bbox 378 1773 1383 1853; baseline -0.001 -19"><span class='ocrx_word' id='word_1_108' title='bbox 378 1784 395 1835; x_wconf 82' lang='grc'><strong><em>5</em></strong></span> <span class='ocrx_word' id='word_1_109' title='bbox 410 1774 600 1833; x_wconf 86' lang='lat' dir='ltr'><strong>necessarium</strong></span> <span class='ocrx_word' id='word_1_110' title='bbox 614 1780 667 1832; x_wconf 81' lang='lat' dir='ltr'><strong>est.</strong></span> <span class='ocrx_word' id='word_1_111' title='bbox 709 1774 819 1843; x_wconf 84' lang='lat' dir='ltr'><strong>Quodsi</strong></span> <span class='ocrx_word' id='word_1_112' title='bbox 840 1792 883 1841; x_wconf 85' lang='lat' dir='ltr'><strong>ea,</strong></span> <span class='ocrx_word' id='word_1_113' title='bbox 898 1793 964 1851; x_wconf 87' lang='lat' dir='ltr'><strong>quae</strong></span> <span class='ocrx_word' id='word_1_114' title='bbox 983 1773 1092 1831; x_wconf 86' lang='lat' dir='ltr'><strong>utenda</strong></span> <span class='ocrx_word' id='word_1_115' title='bbox 1105 1774 1257 1852; x_wconf 86' lang='lat' dir='ltr'><strong>acceperis,</strong></span> <span class='ocrx_word' id='word_1_116' title='bbox 1271 1774 1383 1853; x_wconf 85' lang='lat' dir='ltr'><strong>majore</strong></span> 
     </span>
     <span class='ocr_line' id='line_1_15' title="bbox 409 1863 1383 1943; baseline -0.001 -19"><span class='ocrx_word' id='word_1_117' title='bbox 409 1884 551 1935; x_wconf 89' lang='lat' dir='ltr'><strong>mensura,</strong></span> <span class='ocrx_word' id='word_1_118' title='bbox 566 1864 589 1923; x_wconf 91' lang='lat' dir='ltr'><strong>si</strong></span> <span class='ocrx_word' id='word_1_119' title='bbox 607 1864 693 1923; x_wconf 92' lang='lat' dir='ltr'><strong>modo</strong></span> <span class='ocrx_word' id='word_1_120' title='bbox 714 1865 814 1943; x_wconf 75' lang='lat' dir='ltr'><strong>possiS,</strong></span> <span class='ocrx_word' id='word_1_121' title='bbox 827 1864 911 1942; x_wconf 89' lang='lat' dir='ltr'><strong>jubet</strong></span> <span class='ocrx_word' id='word_1_122' title='bbox 927 1864 1048 1922; x_wconf 89' lang='lat' dir='ltr'><strong>reddere</strong></span> <span class='ocrx_word' id='word_1_123' title='bbox 1062 1863 1206 1922; x_wconf 89' lang='lat' dir='ltr'><strong>Hesiodus</strong></span> <span class='ocrx_word' id='word_1_124' title='bbox 1215 1884 1222 1933; x_wconf 93' lang='lat'>;</span> <span class='ocrx_word' id='word_1_125' title='bbox 1243 1864 1383 1942; x_wconf 85' lang='lat' dir='ltr'><strong>quidnam</strong></span> 
     </span>
     <span class='ocr_line' id='line_1_16' title="bbox 409 1955 1382 2035; baseline 0.001 -21"><span class='ocrx_word' id='word_1_126' title='bbox 409 1956 546 2015; x_wconf 87' lang='lat' dir='ltr'><strong>beneficio</strong></span> <span class='ocrx_word' id='word_1_127' title='bbox 557 1955 703 2035; x_wconf 63' lang='lat' dir='ltr'><strong>progocati</strong></span> <span class='ocrx_word' id='word_1_128' title='bbox 713 1955 805 2012; x_wconf 87' lang='lat' dir='ltr'><strong>facere</strong></span> <span class='ocrx_word' id='word_1_129' title='bbox 817 1955 974 2013; x_wconf 75' lang='lat' dir='ltr'><strong>debemus?</strong></span> <span class='ocrx_word' id='word_1_130' title='bbox 995 1955 1045 2012; x_wconf 86' lang='lat' dir='ltr'><strong>An</strong></span> <span class='ocrx_word' id='word_1_131' title='bbox 1054 1955 1156 2012; x_wconf 89' lang='lat' dir='ltr'><strong>imitari</strong></span> <span class='ocrx_word' id='word_1_132' title='bbox 1167 1974 1252 2033; x_wconf 88' lang='lat' dir='ltr'><strong>agros</strong></span> <span class='ocrx_word' id='word_1_133' title='bbox 1262 1956 1382 2027; x_wconf 85' lang='lat' dir='ltr'><strong>fertiles,</strong></span> 
     </span>
     <span class='ocr_line' id='line_1_17' title="bbox 379 2038 1382 2124; baseline 0.001 -21"><span class='ocrx_word' id='word_1_134' title='bbox 379 2052 395 2103; x_wconf 90' lang='grc'>6</span> <span class='ocrx_word' id='word_1_135' title='bbox 410 2046 459 2124; x_wconf 91' lang='lat' dir='ltr'><strong>qui</strong></span> <span class='ocrx_word' id='word_1_136' title='bbox 472 2038 564 2102; x_wconf 86' lang='lat' dir='ltr'><strong>multo</strong></span> <span class='ocrx_word' id='word_1_137' title='bbox 577 2044 642 2121; x_wconf 88' lang='lat' dir='ltr'><strong>plus</strong></span> <span class='ocrx_word' id='word_1_138' title='bbox 657 2045 786 2111; x_wconf 86' lang='lat' dir='ltr'><strong>efferunt,</strong></span> <span class='ocrx_word' id='word_1_139' title='bbox 798 2062 886 2121; x_wconf 89' lang='lat' dir='ltr'><strong>quam</strong></span> <span class='ocrx_word' id='word_1_140' title='bbox 899 2052 1071 2122; x_wconf 88' lang='lat' dir='ltr'><strong>acceperunt</strong></span> <span class='ocrx_word' id='word_1_141' title='bbox 1080 2046 1094 2103; x_wconf 79' lang='lat' dir='ltr'><strong>‘l</strong></span> <span class='ocrx_word' id='word_1_142' title='bbox 1104 2098 1106 2102; x_wconf 87' lang='lat'>.</span> <span class='ocrx_word' id='word_1_143' title='bbox 1115 2045 1227 2103; x_wconf 90' lang='lat' dir='ltr'><strong>Etenim</strong></span> <span class='ocrx_word' id='word_1_144' title='bbox 1241 2045 1265 2103; x_wconf 89' lang='lat' dir='ltr'><strong>si</strong></span> <span class='ocrx_word' id='word_1_145' title='bbox 1278 2045 1308 2103; x_wconf 89' lang='lat' dir='ltr'><strong>in</strong></span> <span class='ocrx_word' id='word_1_146' title='bbox 1321 2065 1382 2116; x_wconf 90' lang='lat' dir='ltr'><strong>eos,</strong></span> 
     </span>
     <span class='ocr_line' id='line_1_18' title="bbox 410 2133 1383 2213; baseline 0.002 -20"><span class='ocrx_word' id='word_1_147' title='bbox 410 2154 483 2213; x_wconf 89' lang='lat' dir='ltr'><strong>quos</strong></span> <span class='ocrx_word' id='word_1_148' title='bbox 498 2152 646 2212; x_wconf 89' lang='lat' dir='ltr'><strong>speramus</strong></span> <span class='ocrx_word' id='word_1_149' title='bbox 666 2133 748 2192; x_wconf 89' lang='lat' dir='ltr'><strong>nobis</strong></span> <span class='ocrx_word' id='word_1_150' title='bbox 769 2133 943 2211; x_wconf 86' lang='lat' dir='ltr'><strong>profuturos,</strong></span> <span class='ocrx_word' id='word_1_151' title='bbox 957 2153 1015 2192; x_wconf 89' lang='lat' dir='ltr'><strong>non</strong></span> <span class='ocrx_word' id='word_1_152' title='bbox 1029 2135 1194 2194; x_wconf 89' lang='lat' dir='ltr'><strong>dubitamus</strong></span> <span class='ocrx_word' id='word_1_153' title='bbox 1209 2135 1299 2194; x_wconf 89' lang='lat' dir='ltr'><strong>officia</strong></span> <span class='ocrx_word' id='word_1_154' title='bbox 1314 2156 1383 2195; x_wconf 91' lang='lat' dir='ltr'><strong>con·</strong></span> 
     </span>
     <span class='ocr_line' id='line_1_19' title="bbox 294 2223 1383 2304; baseline 0.002 -21"><span class='ocrx_word' id='word_1_155' title='bbox 294 2225 297 2242; x_wconf 64' lang='lat'>²</span> <span class='ocrx_word' id='word_1_156' title='bbox 378 2225 394 2284; x_wconf 79' lang='lat' dir='ltr'><strong>t</strong></span> <span class='ocrx_word' id='word_1_157' title='bbox 409 2225 500 2294; x_wconf 88' lang='lat' dir='ltr'><strong>ferrc;</strong></span> <span class='ocrx_word' id='word_1_158' title='bbox 515 2224 613 2302; x_wconf 88' lang='lat' dir='ltr'><strong>quales</strong></span> <span class='ocrx_word' id='word_1_159' title='bbox 624 2223 652 2280; x_wconf 91' lang='lat' dir='ltr'><strong>in</strong></span> <span class='ocrx_word' id='word_1_160' title='bbox 663 2242 712 2281; x_wconf 90' lang='lat' dir='ltr'><strong>eos</strong></span> <span class='ocrx_word' id='word_1_161' title='bbox 722 2241 785 2282; x_wconf 87' lang='lat' dir='ltr'><strong>esse</strong></span> <span class='ocrx_word' id='word_1_162' title='bbox 800 2224 946 2293; x_wconf 90' lang='lat' dir='ltr'><strong>debemus,</strong></span> <span class='ocrx_word' id='word_1_163' title='bbox 958 2225 1007 2303; x_wconf 90' lang='lat' dir='ltr'><strong>qui</strong></span> <span class='ocrx_word' id='word_1_164' title='bbox 1018 2226 1079 2304; x_wconf 87' lang='lat' dir='ltr'><strong>jam</strong></span> <span class='ocrx_word' id='word_1_165' title='bbox 1095 2226 1281 2304; x_wconf 81' lang='lat' dir='ltr'><strong>profuerunt?</strong></span> <span class='ocrx_word' id='word_1_166' title='bbox 1302 2226 1383 2286; x_wconf 90' lang='lat' dir='ltr'><strong>Nam</strong></span> 
     </span>
     <span class='ocr_line' id='line_1_20' title="bbox 410 2314 1383 2394; baseline 0 -20"><span class='ocrx_word' id='word_1_167' title='bbox 410 2336 476 2374; x_wconf 92' lang='lat' dir='ltr'><strong>cum</strong></span> <span class='ocrx_word' id='word_1_168' title='bbox 497 2315 555 2373; x_wconf 93' lang='lat' dir='ltr'><strong>duo</strong></span> <span class='ocrx_word' id='word_1_169' title='bbox 575 2332 680 2394; x_wconf 86' lang='lat' dir='ltr'><strong>genera</strong></span> <span class='ocrx_word' id='word_1_170' title='bbox 698 2314 873 2372; x_wconf 88' lang='lat' dir='ltr'><strong>liberalitatis</strong></span> <span class='ocrx_word' id='word_1_171' title='bbox 894 2314 958 2384; x_wconf 88' lang='lat' dir='ltr'><strong>sint,</strong></span> <span class='ocrx_word' id='word_1_172' title='bbox 973 2336 1063 2373; x_wconf 92' lang='lat' dir='ltr'><strong>unum</strong></span> <span class='ocrx_word' id='word_1_173' title='bbox 1085 2316 1325 2388; x_wconf 86' lang='lat' dir='ltr'><strong>dandibeneficii,</strong></span> <span class='ocrx_word' id='word_1_174' title='bbox 1339 2318 1383 2375; x_wconf 84' lang='lat' dir='ltr'><strong>el-</strong></span> 
     </span>
     <span class='ocr_line' id='line_1_21' title="bbox 411 2405 1384 2486; baseline 0.003 -22"><span class='ocrx_word' id='word_1_175' title='bbox 411 2414 504 2464; x_wconf 89' lang='lat' dir='ltr'><strong>terum</strong></span> <span class='ocrx_word' id='word_1_176' title='bbox 516 2405 670 2464; x_wconf 90' lang='lat' dir='ltr'><strong>reddendi:</strong></span> <span class='ocrx_word' id='word_1_177' title='bbox 693 2406 803 2474; x_wconf 90' lang='lat' dir='ltr'><strong>demus,</strong></span> <span class='ocrx_word' id='word_1_178' title='bbox 818 2425 915 2474; x_wconf 89' lang='lat' dir='ltr'><strong>necne,</strong></span> <span class='ocrx_word' id='word_1_179' title='bbox 930 2406 959 2464; x_wconf 91' lang='lat' dir='ltr'><strong>in</strong></span> <span class='ocrx_word' id='word_1_180' title='bbox 972 2414 1070 2465; x_wconf 91' lang='lat' dir='ltr'><strong>nostra</strong></span> <span class='ocrx_word' id='word_1_181' title='bbox 1084 2415 1227 2486; x_wconf 83' lang='lat' dir='ltr'><strong>potestate</strong></span> <span class='ocrx_word' id='word_1_182' title='bbox 1241 2414 1285 2466; x_wconf 86' lang='lat' dir='ltr'><strong>est</strong></span> <span class='ocrx_word' id='word_1_183' title='bbox 1293 2428 1301 2477; x_wconf 91' lang='lat'>;</span> <span class='ocrx_word' id='word_1_184' title='bbox 1323 2428 1384 2468; x_wconf 91' lang='lat' dir='ltr'><strong>non</strong></span> 
     </span>
     <span class='ocr_line' id='line_1_22' title="bbox 410 2495 1383 2576; baseline 0.004 -22"><span class='ocrx_word' id='word_1_185' title='bbox 410 2495 539 2564; x_wconf 88' lang='lat' dir='ltr'><strong>reddere,</strong></span> <span class='ocrx_word' id='word_1_186' title='bbox 564 2496 623 2554; x_wconf 91' lang='lat' dir='ltr'><strong>viro</strong></span> <span class='ocrx_word' id='word_1_187' title='bbox 647 2496 722 2554; x_wconf 93' lang='lat' dir='ltr'><strong>bono</strong></span> <span class='ocrx_word' id='word_1_188' title='bbox 745 2497 900 2565; x_wconf 87' lang='lat' dir='ltr'><strong>nonlicet,</strong></span> <span class='ocrx_word' id='word_1_189' title='bbox 925 2497 1012 2555; x_wconf 91' lang='lat' dir='ltr'><strong>modo</strong></span> <span class='ocrx_word' id='word_1_190' title='bbox 1036 2498 1066 2556; x_wconf 94' lang='lat' dir='ltr'><strong>id</strong></span> <span class='ocrx_word' id='word_1_191' title='bbox 1089 2498 1183 2556; x_wconf 86' lang='lat' dir='ltr'><strong>facere</strong></span> <span class='ocrx_word' id='word_1_192' title='bbox 1207 2499 1296 2576; x_wconf 85' lang='lat' dir='ltr'><strong>possit</strong></span> <span class='ocrx_word' id='word_1_193' title='bbox 1320 2499 1383 2559; x_wconf 91' lang='lat' dir='ltr'><strong>sine</strong></span> 
     </span>
     <span class='ocr_line' id='line_1_23' title="bbox 379 2585 1383 2665; baseline 0.001 -19"><span class='ocrx_word' id='word_1_194' title='bbox 379 2594 395 2646; x_wconf 89' lang='lat'>8</span> <span class='ocrx_word' id='word_1_195' title='bbox 410 2586 519 2665; x_wconf 85' lang='lat' dir='ltr'><strong>injuria.</strong></span> <span class='ocrx_word' id='word_1_196' title='bbox 560 2585 756 2663; x_wconf 83' lang='lat' dir='ltr'><strong>Acceptorum</strong></span> <span class='ocrx_word' id='word_1_197' title='bbox 776 2594 874 2645; x_wconf 87' lang='lat' dir='ltr'><strong>autem</strong></span> <span class='ocrx_word' id='word_1_198' title='bbox 894 2588 1094 2647; x_wconf 88' lang='lat' dir='ltr'><strong>beneficiorum</strong></span> <span class='ocrx_word' id='word_1_199' title='bbox 1107 2595 1174 2647; x_wconf 84' lang='lat' dir='ltr'><strong>sunt</strong></span> <span class='ocrx_word' id='word_1_200' title='bbox 1188 2588 1316 2647; x_wconf 88' lang='lat' dir='ltr'><strong>delectus</strong></span> <span class='ocrx_word' id='word_1_201' title='bbox 1329 2590 1383 2647; x_wconf 88' lang='lat' dir='ltr'><strong>ha-</strong></span> 
     </span>
     <span class='ocr_line' id='line_1_24' title="bbox 410 2667 1383 2757; baseline 0.001 -20"><span class='ocrx_word' id='word_1_202' title='bbox 410 2677 504 2737; x_wconf 88' lang='lat' dir='ltr'><strong>bendi</strong></span> <span class='ocrx_word' id='word_1_203' title='bbox 546 2677 608 2735; x_wconf 89' lang='lat' dir='ltr'><strong>Nec</strong></span> <span class='ocrx_word' id='word_1_204' title='bbox 622 2676 750 2744; x_wconf 90' lang='lat' dir='ltr'><strong>dubium,</strong></span> <span class='ocrx_word' id='word_1_205' title='bbox 766 2677 834 2754; x_wconf 91' lang='lat' dir='ltr'><strong>quin</strong></span> <span class='ocrx_word' id='word_1_206' title='bbox 847 2678 971 2736; x_wconf 85' lang='lat' dir='ltr'><strong>maximo</strong></span> <span class='ocrx_word' id='word_1_207' title='bbox 984 2667 1087 2755; x_wconf 78' lang='lat' dir='ltr'><strong>cuique</strong></span> <span class='ocrx_word' id='word_1_208' title='bbox 1107 2679 1261 2757; x_wconf 89' lang='lat' dir='ltr'><strong>plurimum</strong></span> <span class='ocrx_word' id='word_1_209' title='bbox 1275 2679 1383 2738; x_wconf 85' lang='lat' dir='ltr'><strong>debea-</strong></span> 
     </span>
     <span class='ocr_line' id='line_1_25' title="bbox 409 2767 1382 2846; baseline 0.002 -20"><span class='ocrx_word' id='word_1_210' title='bbox 409 2775 465 2826; x_wconf 91' lang='lat' dir='ltr'><strong>tur.</strong></span> <span class='ocrx_word' id='word_1_211' title='bbox 507 2767 543 2825; x_wconf 91' lang='lat' dir='ltr'><strong>In</strong></span> <span class='ocrx_word' id='word_1_212' title='bbox 564 2785 621 2845; x_wconf 92' lang='lat' dir='ltr'><strong>quo</strong></span> <span class='ocrx_word' id='word_1_213' title='bbox 642 2767 791 2824; x_wconf 88' lang='lat' dir='ltr'><strong>tamenin</strong></span> <span class='ocrx_word' id='word_1_214' title='bbox 812 2768 918 2845; x_wconf 87' lang='lat' dir='ltr'><strong>primis,</strong></span> <span class='ocrx_word' id='word_1_215' title='bbox 939 2789 997 2846; x_wconf 90' lang='lat' dir='ltr'><strong>quo</strong></span> <span class='ocrx_word' id='word_1_216' title='bbox 1016 2769 1137 2846; x_wconf 88' lang='lat' dir='ltr'><strong>quisque</strong></span> <span class='ocrx_word' id='word_1_217' title='bbox 1156 2769 1259 2837; x_wconf 87' lang='lat' dir='ltr'><strong>animo,</strong></span> <span class='ocrx_word' id='word_1_218' title='bbox 1274 2769 1382 2840; x_wconf 91' lang='lat' dir='ltr'><strong>studio,</strong></span> 
     </span>
     <span class='ocr_line' id='line_1_26' title="bbox 378 2857 1384 2935; baseline 0.002 -18"><span class='ocrx_word' id='word_1_219' title='bbox 378 2865 394 2917; x_wconf 83' lang='grc'>9</span> <span class='ocrx_word' id='word_1_220' title='bbox 410 2858 598 2918; x_wconf 88' lang='lat' dir='ltr'><strong>benivolentia</strong></span> <span class='ocrx_word' id='word_1_221' title='bbox 618 2857 726 2926; x_wconf 85' lang='lat' dir='ltr'><strong>fecerit,</strong></span> <span class='ocrx_word' id='word_1_222' title='bbox 741 2858 958 2935; x_wconf 88' lang='lat' dir='ltr'><strong>ponderandum</strong></span> <span class='ocrx_word' id='word_1_223' title='bbox 979 2866 1030 2917; x_wconf 90' lang='lat' dir='ltr'><strong>est.</strong></span> <span class='ocrx_word' id='word_1_224' title='bbox 1072 2859 1157 2917; x_wconf 87' lang='lat' dir='ltr'><strong>Multi</strong></span> <span class='ocrx_word' id='word_1_225' title='bbox 1177 2860 1251 2918; x_wconf 89' lang='lat' dir='ltr'><strong>enim</strong></span> <span class='ocrx_word' id='word_1_226' title='bbox 1271 2860 1384 2920; x_wconf 87' lang='lat' dir='ltr'><strong>faciunt</strong></span> 
     </span>
     <span class='ocr_line' id='line_1_27' title="bbox 409 2948 1382 3027; baseline 0.003 -20"><span class='ocrx_word' id='word_1_227' title='bbox 409 2949 500 3007; x_wconf 88' lang='lat' dir='ltr'><strong>multa</strong></span> <span class='ocrx_word' id='word_1_228' title='bbox 513 2948 673 3008; x_wconf 86' lang='lat' dir='ltr'><strong>temeritate</strong></span> <span class='ocrx_word' id='word_1_229' title='bbox 687 2948 812 3026; x_wconf 86' lang='lat' dir='ltr'><strong>quadam</strong></span> <span class='ocrx_word' id='word_1_230' title='bbox 834 2948 894 3007; x_wconf 91' lang='lat' dir='ltr'><strong>sine</strong></span> <span class='ocrx_word' id='word_1_231' title='bbox 916 2948 1032 3027; x_wconf 91' lang='lat' dir='ltr'><strong>judicio,</strong></span> <span class='ocrx_word' id='word_1_232' title='bbox 1048 2950 1092 3008; x_wconf 86' lang='lat' dir='ltr'><strong>vel</strong></span> <span class='ocrx_word' id='word_1_233' title='bbox 1113 2951 1215 3027; x_wconf 82' lang='lat' dir='ltr'><strong>morbo</strong></span> <span class='ocrx_word' id='word_1_234' title='bbox 1229 2950 1257 3007; x_wconf 91' lang='lat' dir='ltr'><strong>in</strong></span> <span class='ocrx_word' id='word_1_235' title='bbox 1271 2969 1382 3021; x_wconf 73' lang='lat' dir='ltr'><strong>omncS,</strong></span> 
     </span>
     <span class='ocr_line' id='line_1_28' title="bbox 409 3039 1380 3118; baseline 0.003 -20"><span class='ocrx_word' id='word_1_236' title='bbox 409 3040 455 3098; x_wconf 90' lang='lat' dir='ltr'><strong>vcl</strong></span> <span class='ocrx_word' id='word_1_237' title='bbox 478 3039 625 3118; x_wconf 86' lang='lat' dir='ltr'><strong>repentino</strong></span> <span class='ocrx_word' id='word_1_238' title='bbox 640 3039 778 3117; x_wconf 81' lang='lat' dir='ltr'><strong>quodam,</strong></span> <span class='ocrx_word' id='word_1_239' title='bbox 798 3040 879 3117; x_wconf 85' lang='lat' dir='ltr'><strong>quasi</strong></span> <span class='ocrx_word' id='word_1_240' title='bbox 902 3047 996 3108; x_wconf 89' lang='lat' dir='ltr'><strong>vento,</strong></span> <span class='ocrx_word' id='word_1_241' title='bbox 1016 3040 1127 3118; x_wconf 90' lang='lat' dir='ltr'><strong>impetu</strong></span> <span class='ocrx_word' id='word_1_242' title='bbox 1148 3040 1233 3098; x_wconf 86' lang='lat' dir='ltr'><strong>animi</strong></span> <span class='ocrx_word' id='word_1_243' title='bbox 1251 3040 1380 3101; x_wconf 88' lang='lat' dir='ltr'><strong>incitati:</strong></span> 
     </span>
     <span class='ocr_line' id='line_1_29' title="bbox 410 3129 1381 3209; baseline 0.003 -22"><span class='ocrx_word' id='word_1_244' title='bbox 410 3149 474 3207; x_wconf 87' lang='lat' dir='ltr'><strong>quae</strong></span> <span class='ocrx_word' id='word_1_245' title='bbox 498 3129 633 3188; x_wconf 89' lang='lat' dir='ltr'><strong>beneficia</strong></span> <span class='ocrx_word' id='word_1_246' title='bbox 657 3149 738 3207; x_wconf 81' lang='lat' dir='ltr'><strong>aeque</strong></span> <span class='ocrx_word' id='word_1_247' title='bbox 765 3149 949 3209; x_wconf 88' lang='lat' dir='ltr'><strong>magnanon</strong></span> <span class='ocrx_word' id='word_1_248' title='bbox 971 3137 1038 3188; x_wconf 91' lang='lat' dir='ltr'><strong>sunt</strong></span> <span class='ocrx_word' id='word_1_249' title='bbox 1060 3130 1202 3199; x_wconf 89' lang='lat' dir='ltr'><strong>habenda,</strong></span> <span class='ocrx_word' id='word_1_250' title='bbox 1228 3138 1315 3208; x_wconf 87' lang='lat' dir='ltr'><strong>atque</strong></span> <span class='ocrx_word' id='word_1_251' title='bbox 1335 3150 1381 3202; x_wconf 85' lang='lat' dir='ltr'><strong>ea,</strong></span> 
     </span>
     <span class='ocr_line' id='line_1_30' title="bbox 362 3219 1384 3297; baseline 0.002 -18"><span class='ocrx_word' id='word_1_252' title='bbox 362 3225 395 3280; x_wconf 86' lang='lat'><strong>10</strong></span> <span class='ocrx_word' id='word_1_253' title='bbox 410 3239 476 3296; x_wconf 86' lang='lat' dir='ltr'><strong>quac</strong></span> <span class='ocrx_word' id='word_1_254' title='bbox 493 3219 609 3297; x_wconf 84' lang='lat' dir='ltr'><strong>judicie,</strong></span> <span class='ocrx_word' id='word_1_255' title='bbox 624 3219 800 3277; x_wconf 89' lang='lat' dir='ltr'><strong>considerate</strong></span> <span class='ocrx_word' id='word_1_256' title='bbox 814 3226 1033 3297; x_wconf 84' lang='lat' dir='ltr'><strong>constanterque</strong></span> <span class='ocrx_word' id='word_1_257' title='bbox 1051 3219 1147 3278; x_wconf 87' lang='lat' dir='ltr'><strong>delata</strong></span> <span class='ocrx_word' id='word_1_258' title='bbox 1160 3228 1237 3280; x_wconf 89' lang='lat' dir='ltr'><strong>sunt.</strong></span> <span class='ocrx_word' id='word_1_259' title='bbox 1277 3221 1337 3280; x_wconf 85' lang='lat' dir='ltr'><strong>Sed</strong></span> <span class='ocrx_word' id='word_1_260' title='bbox 1350 3221 1384 3282; x_wconf 84' lang='lat' dir='ltr'><strong>in</strong></span> 
     </span>
     <span class='ocr_line' id='line_1_31' title="bbox 410 3308 1404 3390; baseline 0.006 -24"><span class='ocrx_word' id='word_1_261' title='bbox 410 3308 575 3367; x_wconf 88' lang='lat' dir='ltr'><strong>collocando</strong></span> <span class='ocrx_word' id='word_1_262' title='bbox 595 3308 740 3375; x_wconf 89' lang='lat' dir='ltr'><strong>beneficio,</strong></span> <span class='ocrx_word' id='word_1_263' title='bbox 755 3315 785 3373; x_wconf 77' lang='lat' dir='ltr'><strong>et</strong></span> <span class='ocrx_word' id='word_1_264' title='bbox 804 3309 834 3366; x_wconf 92' lang='lat' dir='ltr'><strong>in</strong></span> <span class='ocrx_word' id='word_1_265' title='bbox 855 3310 1004 3381; x_wconf 84' lang='lat' dir='ltr'><strong>referenda</strong></span> <span class='ocrx_word' id='word_1_266' title='bbox 1024 3311 1125 3389; x_wconf 85' lang='lat' dir='ltr'><strong>gratia,</strong></span> <span class='ocrx_word' id='word_1_267' title='bbox 1140 3311 1164 3369; x_wconf 89' lang='lat' dir='ltr'><strong>si</strong></span> <span class='ocrx_word' id='word_1_268' title='bbox 1184 3319 1280 3370; x_wconf 88' lang='lat' dir='ltr'><strong>cetera</strong></span> <span class='ocrx_word' id='word_1_269' title='bbox 1299 3311 1404 3390; x_wconf 86' lang='lat' dir='ltr'><strong>paria·</strong></span> 
     </span>
     <span class='ocr_line' id='line_1_32' title="bbox 409 3397 1381 3480; baseline 0.005 -24"><span class='ocrx_word' id='word_1_270' title='bbox 409 3405 484 3467; x_wconf 83' lang='lat' dir='ltr'><strong>sunt,</strong></span> <span class='ocrx_word' id='word_1_271' title='bbox 498 3398 554 3456; x_wconf 89' lang='lat' dir='ltr'><strong>hoc</strong></span> <span class='ocrx_word' id='word_1_272' title='bbox 574 3397 695 3455; x_wconf 86' lang='lat' dir='ltr'><strong>maxime</strong></span> <span class='ocrx_word' id='word_1_273' title='bbox 717 3397 799 3457; x_wconf 89' lang='lat' dir='ltr'><strong>officii</strong></span> <span class='ocrx_word' id='word_1_274' title='bbox 819 3407 871 3468; x_wconf 91' lang='lat' dir='ltr'><strong>est,</strong></span> <span class='ocrx_word' id='word_1_275' title='bbox 885 3406 920 3458; x_wconf 91' lang='grc' dir='ltr'><strong>ιιι</strong></span> <span class='ocrx_word' id='word_1_276' title='bbox 940 3400 1060 3479; x_wconf 90' lang='lat' dir='ltr'><strong>quisque</strong></span> <span class='ocrx_word' id='word_1_277' title='bbox 1081 3401 1203 3459; x_wconf 84' lang='lat' dir='ltr'><strong>maxime</strong></span> <span class='ocrx_word' id='word_1_278' title='bbox 1225 3401 1286 3480; x_wconf 87' lang='lat' dir='ltr'><strong>opis</strong></span> <span class='ocrx_word' id='word_1_279' title='bbox 1305 3402 1381 3462; x_wconf 90' lang='lat' dir='ltr'><strong>indi-</strong></span> 
     </span>
     <span class='ocr_line' id='line_1_33' title="bbox 409 3487 1411 3571; baseline 0.004 -26"><span class='ocrx_word' id='word_1_280' title='bbox 409 3496 484 3568; x_wconf 86' lang='lat' dir='ltr'><strong>geat,</strong></span> <span class='ocrx_word' id='word_1_281' title='bbox 498 3487 577 3546; x_wconf 84' lang='lat' dir='ltr'><strong>itaci</strong></span> <span class='ocrx_word' id='word_1_282' title='bbox 596 3488 774 3566; x_wconf 88' lang='lat' dir='ltr'><strong>potissimum</strong></span> <span class='ocrx_word' id='word_1_283' title='bbox 788 3491 928 3568; x_wconf 86' lang='lat' dir='ltr'><strong>opitulari.</strong></span> <span class='ocrx_word' id='word_1_284' title='bbox 971 3491 1056 3561; x_wconf 84' lang='lat' dir='ltr'><strong>Quod</strong></span> <span class='ocrx_word' id='word_1_285' title='bbox 1072 3498 1170 3550; x_wconf 89' lang='lat' dir='ltr'><strong>contra</strong></span> <span class='ocrx_word' id='word_1_286' title='bbox 1189 3491 1222 3549; x_wconf 78' lang='lat' dir='ltr'><strong>‘fit</strong></span> <span class='ocrx_word' id='word_1_287' title='bbox 1241 3511 1259 3549; x_wconf 90' lang='lat' dir='ltr'><strong>a</strong></span> <span class='ocrx_word' id='word_1_288' title='bbox 1279 3493 1381 3571; x_wconf 82' lang='lat' dir='ltr'><strong>pleris-</strong></span> <span class='ocrx_word' id='word_1_289' title='bbox 1409 3544 1411 3549; x_wconf 91' lang='lat'><em>.</em></span> 
     </span>
     <span class='ocr_line' id='line_1_34' title="bbox 362 3576 1424 3663; baseline 0.006 -27"><span class='ocrx_word' id='word_1_290' title='bbox 362 3584 392 3636; x_wconf 85' lang='lat'><strong>11</strong></span> <span class='ocrx_word' id='word_1_291' title='bbox 409 3597 473 3656; x_wconf 89' lang='lat' dir='ltr'><strong>quc.</strong></span> <span class='ocrx_word' id='word_1_292' title='bbox 515 3578 545 3635; x_wconf 83' lang='lat' dir='ltr'>A</span> <span class='ocrx_word' id='word_1_293' title='bbox 559 3598 615 3656; x_wconf 90' lang='lat' dir='ltr'><strong>quo</strong></span> <span class='ocrx_word' id='word_1_294' title='bbox 634 3578 707 3636; x_wconf 90' lang='lat' dir='ltr'><strong>enim</strong></span> <span class='ocrx_word' id='word_1_295' title='bbox 729 3579 883 3658; x_wconf 90' lang='lat' dir='ltr'><strong>plurimum</strong></span> <span class='ocrx_word' id='word_1_296' title='bbox 905 3588 1030 3659; x_wconf 89' lang='lat' dir='ltr'><strong>sperant,</strong></span> <span class='ocrx_word' id='word_1_297' title='bbox 1044 3583 1155 3641; x_wconf 87' lang='lat' dir='ltr'><strong>etiamsi</strong></span> <span class='ocrx_word' id='word_1_298' title='bbox 1174 3583 1198 3641; x_wconf 89' lang='lat' dir='ltr'><strong>is</strong></span> <span class='ocrx_word' id='word_1_299' title='bbox 1221 3601 1280 3641; x_wconf 85' lang='lat' dir='ltr'><strong>nou</strong></span> <span class='ocrx_word' id='word_1_300' title='bbox 1300 3591 1380 3663; x_wconf 86' lang='lat' dir='ltr'><strong>eget,</strong></span> <span class='ocrx_word' id='word_1_301' title='bbox 1419 3576 1424 3583; x_wconf 49' lang='lat'><strong>¹</strong></span> 
     </span>
     <span class='ocr_line' id='line_1_35' title="bbox 409 3668 912 3747; baseline 0.008 -21"><span class='ocrx_word' id='word_1_302' title='bbox 409 3676 505 3726; x_wconf 86' lang='lat' dir='ltr'><strong>tamen</strong></span> <span class='ocrx_word' id='word_1_303' title='bbox 518 3668 543 3726; x_wconf 91' lang='lat' dir='ltr'><strong>ei</strong></span> <span class='ocrx_word' id='word_1_304' title='bbox 557 3669 735 3747; x_wconf 90' lang='lat' dir='ltr'><strong>potissimum</strong></span> <span class='ocrx_word' id='word_1_305' title='bbox 749 3671 912 3730; x_wconf 86' lang='lat' dir='ltr'><strong>inserviunt.</strong></span> 
     </span>
    </p>
   </div>
   <div class='ocr_carea' id='block_1_3' title="bbox 215 3012 251 3052">
    <p class='ocr_par' dir='ltr' id='par_1_3' title="bbox 215 3012 251 3052">
     <span class='ocr_line' id='line_1_36' title="bbox 215 3012 251 3052; baseline 0 0"><span class='ocrx_word' id='word_1_306' title='bbox 215 3012 251 3052; x_wconf 65' lang='lat' dir='ltr'><em>s</em></span> 
     </span>
    </p>
   </div>
   <div class='ocr_carea' id='block_1_4' title="bbox 409 3848 1380 4023">
    <p class='ocr_par' dir='ltr' id='par_1_4' title="bbox 409 3848 1380 4023">
     <span class='ocr_line' id='line_1_37' title="bbox 449 3848 1379 3933; baseline 0.009 -26"><span class='ocrx_word' id='word_1_307' title='bbox 449 3848 527 3908; x_wconf 85' lang='lat' dir='ltr'><strong>XVI.</strong></span> <span class='ocrx_word' id='word_1_308' title='bbox 550 3850 665 3927; x_wconf 85' lang='lat' dir='ltr'><strong>Optime</strong></span> <span class='ocrx_word' id='word_1_309' title='bbox 680 3858 777 3909; x_wconf 89' lang='lat' dir='ltr'><strong>autem</strong></span> <span class='ocrx_word' id='word_1_310' title='bbox 790 3852 911 3911; x_wconf 89' lang='lat' dir='ltr'><strong>societas</strong></span> <span class='ocrx_word' id='word_1_311' title='bbox 924 3850 1070 3912; x_wconf 87' lang='lat' dir='ltr'><strong>hominum</strong></span> <span class='ocrx_word' id='word_1_312' title='bbox 1084 3854 1304 3933; x_wconf 86' lang='lat' dir='ltr'><strong>conjunctioque</strong></span> <span class='ocrx_word' id='word_1_313' title='bbox 1318 3874 1379 3915; x_wconf 88' lang='lat' dir='ltr'><strong>ser·</strong></span> 
     </span>
     <span class='ocr_line' id='line_1_38' title="bbox 409 3939 1380 4023; baseline 0.001 -22"><span class='ocrx_word' id='word_1_314' title='bbox 409 3939 529 4010; x_wconf 76' lang='lat' dir='ltr'><strong>tabitur,</strong></span> <span class='ocrx_word' id='word_1_315' title='bbox 540 3939 571 4009; x_wconf 89' lang='lat' dir='ltr'><strong>si,</strong></span> <span class='ocrx_word' id='word_1_316' title='bbox 583 3946 616 3998; x_wconf 91' lang='grc' dir='ltr'><strong>ιιι</strong></span> <span class='ocrx_word' id='word_1_317' title='bbox 629 3940 749 4019; x_wconf 89' lang='lat' dir='ltr'><strong>quisque</strong></span> <span class='ocrx_word' id='word_1_318' title='bbox 759 3941 812 4001; x_wconf 87' lang='lat' dir='ltr'><strong>erit</strong></span> <span class='ocrx_word' id='word_1_319' title='bbox 823 3943 1076 4021; x_wconf 89' lang='lat' dir='ltr'><strong>conjunctissimus,</strong></span> <span class='ocrx_word' id='word_1_320' title='bbox 1086 3943 1126 4003; x_wconf 86' lang='lat' dir='ltr'><strong>ita</strong></span> <span class='ocrx_word' id='word_1_321' title='bbox 1136 3945 1165 4004; x_wconf 90' lang='lat' dir='ltr'><strong>in</strong></span> <span class='ocrx_word' id='word_1_322' title='bbox 1175 3965 1241 4004; x_wconf 91' lang='lat' dir='ltr'><strong>eum</strong></span> <span class='ocrx_word' id='word_1_323' title='bbox 1249 3944 1380 4023; x_wconf 64' lang='lat' dir='ltr'><strong>benigni·¹</strong></span> 
     </span>
    </p>
   </div>
   <div class='ocr_carea' id='block_1_5' title="bbox 0 0 1636 4775">
    <p class='ocr_par' dir='ltr' id='par_1_5' title="bbox 0 0 1636 4775">
     <span class='ocr_line' id='line_1_39' title="bbox 0 0 1636 4775; baseline 0 0"><span class='ocrx_word' id='word_1_324' title='bbox 0 0 1636 4775; x_wconf 95' lang='lat' dir='ltr'><strong> </strong></span> 
     </span>
    </p>
   </div>
  </div>
 </body>
</html>
