3259 4775
656 622 742 662 nmun
755 623 776 662 1.
818 623 884 663 cnr.
900 623 964 662 xxv.
1268 614 1301 664 83

282 770 388 830 posse;
409 771 440 811 se
453 752 555 830 fugere
568 752 628 810 sine
642 772 694 810 suc
709 752 849 811 dedecore
862 768 918 811 non
939 773 1031 832 posse.
1073 756 1172 833 Atque
1185 758 1249 816 haec
1266 764 1301 816 10

282 842 401 920 quidem
424 842 645 901 Lacedaemoniis
668 843 754 921 plaga
773 843 938 901 mediocris:
959 845 1009 902 illa
1029 845 1170 924 pestifera,
1186 866 1251 926 qua,

281 952 352 1013 cnm
366 933 576 1001 Cleombrotus,
587 933 720 991 invidiam
734 934 844 1002 timens,
856 941 963 992 temere
977 955 1043 993 cum
1056 936 1253 1014 Epaminonda

282 1023 465 1092 conflixisset,
486 1023 765 1082 Lacedaemoniorum
786 1042 856 1102 opes
871 1032 1044 1083 corruerunt.
1087 1028 1201 1097 Quanto
1216 1027 1251 1097 Q„
1267 1034 1302 1087 11

281 1114 427 1172 Maximus
441 1114 565 1173 melius?
582 1114 619 1173 de
632 1134 689 1192 quo
703 1114 826 1173 Ennius:

413 1215 494 1274 Uace
507 1217 587 1273 tremo
598 1217 675 1274 uobis
687 1218 840 1273 cunctando
854 1217 976 1275 restituit
989 1236 1054 1275 rem.

289 1384 292 1388 Ι
403 1307 473 1364 Noa
480 1307 599 1381 poaebet
611 1308 684 1364 enim
697 1326 820 1364 rumores
833 1314 896 1364 orate
909 1308 1035 1365 salutem.

404 1396 483 1471 Erpa
490 1406 608 1472 postque
620 1399 763 1472 magisque
775 1399 831 1455 oiri
844 1419 917 1456 acac
927 1400 1019 1473 plotio
1033 1400 1123 1458 claret.

280 1497 371 1568 Quod
391 1517 482 1576 genus
503 1499 640 1576 peccandi
653 1499 798 1556 vitandum
821 1506 865 1557 est
887 1501 972 1558 etiam
985 1501 1014 1558 in
1027 1503 1112 1560 rebus
1127 1503 1249 1562 urbanis.
1266 1510 1302 1563 12

280 1589 359 1647 Sunt
379 1588 461 1656 enim,
476 1589 533 1666 qui,
549 1589 627 1666 quod
649 1589 782 1658 sentiunt,
797 1590 850 1646 etsi
872 1591 1012 1668 optimum
1034 1592 1078 1661 sit,
1093 1599 1189 1651 tamen
1210 1594 1250 1651 in·

279 1679 367 1736 vidiae
382 1686 461 1736 metu
474 1699 530 1736 non
544 1679 650 1737 audent
665 1679 766 1738 dicere.

321 1835 416 1893 XXV.
432 1835 555 1893 Omnino
565 1835 613 1913 qui
623 1836 663 1894 rei
677 1837 799 1914 publicae
810 1836 962 1913 praefuturi
972 1844 1038 1894 sunt
1052 1837 1110 1895 duo
1123 1838 1250 1898 Platonis

280 1933 432 2004 praecepta
446 1933 580 1984 teneant:
602 1946 699 1994 unum,
714 1934 748 1984 ut
761 1926 914 1984 utilitatem
935 1926 1037 1984 cirn'um
1052 1927 1091 1984 sic
1106 1933 1249 1997 tueantur,

280 2023 324 2084 ut,
341 2035 521 2094 quaecunque
535 2023 633 2096 agunt,
649 2017 687 2074 ad
705 2035 769 2074 eam
789 2017 921 2084 referant,
937 2017 1017 2075 obliti
1037 2019 1251 2077 commodorum

280 2126 418 2165 suorum:
440 2109 570 2175 alterum,
584 2114 619 2165 ut
638 2114 732 2165 totum
753 2127 857 2186 corpus
878 2108 918 2165 rei
938 2107 1061 2184 publicae
1082 2116 1190 2177 curent,
1204 2129 1249 2178 ne,

218 2186 223 2194 ⁹
280 2197 354 2255 dum
373 2205 485 2274 partem
505 2198 629 2275 aliquam
649 2204 773 2265 tuentur,
788 2197 910 2275 reliquas
932 2199 1072 2257 deserant.
1114 2199 1156 2257 Ut
1176 2200 1282 2259 enim2

280 2288 382 2355 tutela,
399 2288 437 2346 sie
458 2288 620 2374 procuratio
639 2289 680 2345 rei
700 2289 823 2365 publicae
847 2288 884 2345 ad
906 2288 1057 2346 utilitatem
1080 2309 1186 2357 eorum,
1202 2291 1250 2368 qni

279 2378 424 2438 commissi
438 2377 512 2447 sunt,
527 2378 636 2437 nonad
650 2398 756 2446 eorum,
771 2379 874 2457 quibus
895 2379 1046 2437 commissa
1059 2388 1110 2449 est,
1125 2381 1251 2459 gerenda

279 2477 334 2528 est.
378 2470 435 2538 Qui
456 2477 552 2527 autem
573 2470 648 2547 parti
668 2470 770 2527 civium
792 2470 951 2538 consulunt,
967 2478 1078 2549 partem
1091 2472 1281 2549 negligunt,3

278 2580 343 2619 rem
357 2560 621 2638 perniciosissimam
631 2561 659 2616 in
670 2560 813 2617 civitatem
827 2560 973 2627 inducunt,
986 2561 1154 2619 seditionem
1165 2569 1250 2640 atque

279 2650 471 2709 discordiam:
494 2670 606 2728 exque
627 2650 730 2718 evenit,
755 2657 788 2707 ut
812 2650 858 2709 alii
882 2652 1043 2729 populares,
1065 2651 1111 2708 alii
1132 2652 1249 2710 studiosi

278 2741 382 2819 optimi
401 2741 540 2818 cujusque
553 2741 711 2808 videantur,
726 2741 808 2818 pauci
829 2741 1033 2802 universorum.
1075 2742 1150 2799 Hine
1171 2742 1282 2818 apud4

277 2832 473 2890 Athenienses
493 2850 606 2910 magnae
627 2831 791 2889 discordiae:
822 2831 851 2889 in
871 2839 968 2889 nostra
995 2851 1026 2889 re
1055 2832 1169 2907 publica
1193 2852 1249 2889 non

278 2924 374 2981 solum
387 2921 546 2989 seditiones,
559 2922 610 2979 sed
625 2922 709 2979 etiam
724 2922 858 2998 pestifera
870 2922 946 2980 belle
958 2921 1062 2979 civilia:
1078 2940 1143 2996 quae
1155 2922 1249 2998 gravis

278 3021 310 3072 et
323 3012 405 3070 fortis
420 3012 487 3070 civis
502 3020 531 3070 et
543 3012 572 3069 in
586 3031 617 3069 re
631 3011 746 3089 publiea
768 3012 872 3090 dignus
887 3012 1047 3088 principatu
1060 3009 1151 3087 fugiet
1164 3018 1250 3088 atque

278 3103 383 3170 oderit,
406 3102 558 3180 tradetque
579 3121 610 3159 se
630 3108 723 3159 totum
743 3102 784 3159 rei
797 3073 1037 3178 publicaefrieque
1051 3119 1121 3178 opes
1135 3107 1184 3158 aut
1198 3119 1249 3178 po·

221 3256 227 3268 ,
278 3193 401 3252 tentiam
414 3192 632 3273 consectabitur,
638 3199 792 3269 ‘totamque
803 3210 867 3248 eam
877 3191 916 3248 sic
928 3190 1062 3258 tuebitur,
1074 3197 1107 3248 ut
1118 3191 1249 3251 omuibus

278 3283 420 3343 consulat.
461 3283 524 3340 Nec
537 3302 605 3341 vero
626 3282 786 3340 criminibus
806 3281 886 3339 falsis
899 3281 927 3338 in
941 3281 1039 3339 odium
1052 3288 1103 3338 aut
1116 3281 1249 3340 invidiam
1264 3291 1281 3342 5

278 3392 455 3453 quemqnam
468 3374 596 3431 vocabit:
619 3372 789 3450 omninoque
802 3372 842 3429 ita
853 3372 971 3450 justitiae
987 3372 1184 3449 honestatique
1198 3373 1248 3430 ad-

278 3466 432 3532 haercscet,
446 3471 487 3532 ιιι,
503 3465 572 3522 dum
594 3484 628 3521 ea
648 3470 804 3531 conservet,
820 3463 948 3540 quamvis
968 3463 1093 3541 graviter
1113 3464 1248 3532 offendat,

280 3561 460 3632 mortemque
474 3562 594 3633 oppetat
608 3555 712 3632 potius,
727 3573 813 3631 quam
828 3553 943 3611 deserat
956 3554 1011 3621 illa,
1027 3573 1093 3629 qnae
1109 3554 1174 3612 dixi.

321 3646 479 3705 Miserrima
493 3645 605 3703 omnino
619 3651 663 3702 est
681 3644 797 3702 ambitio
817 3643 1015 3721 honorumque
1029 3644 1190 3702 contentio:
1213 3645 1249 3702 de
1264 3650 1280 3702 6

279 3757 337 3816 qna
360 3736 498 3814 praeclare
519 3735 598 3812 apud
622 3735 745 3793 eundem
766 3742 810 3792 est
830 3734 988 3801 Platonem,
1010 3734 1136 3792 similiter
1156 3735 1249 3792 facere

280 3848 341 3895 eos,
363 3827 412 3905 qui
435 3826 508 3885 inter
531 3845 561 3884 se
586 3826 797 3893 contenderent,
821 3833 884 3882 uter
904 3825 998 3901 potins
1019 3844 1080 3881 rem
1105 3825 1248 3901 publicam

279 3917 500 3985 administraret,
515 3924 548 3974 ut
561 3916 585 3973 si
598 3923 694 3974 nautae
717 3921 866 3987 certarent,
881 3915 944 3993 quis
958 3934 1056 3972 eorum
1071 3913 1248 3992 potissimum
1290 3825 1352 4115 ⁴
1378 3964 1384 3992 2

279 4009 466 4088 gubernaret.
