3259 4775
625 589 712 630 uana
724 588 769 629 111.
812 589 878 630 car.
894 591 971 629 xxrr.
1260 577 1316 632 lla

286 718 449 778 videbatur
469 719 585 788 utilitas,
614 718 681 797 plus
700 719 798 788 valuit,
819 738 906 798 quam
932 721 1083 779 honestas:
1112 719 1191 797 apud
1218 739 1264 779 su-

286 810 424 888 periores
437 809 566 868 utilitatis
579 809 689 888 species
709 809 782 868 falsa
801 810 839 868 ab
860 810 1016 869 honestatis
1035 810 1204 869 auctoritate
1217 828 1264 868 su·

287 906 398 979 perata
411 907 463 958 est.

332 990 380 1048 At
401 1009 459 1048 non
482 989 580 1048 debuit
601 997 696 1050 ratum
720 1009 791 1058 esse,
813 991 891 1068 quod
916 998 977 1049 erat
998 998 1095 1049 actum
1122 1010 1174 1069 per
1197 991 1296 1050 vimtl

291 1081 385 1151 Quasi
398 1099 465 1138 vero
485 1081 551 1138 forti
564 1081 624 1139 viro
638 1081 680 1138 vis
704 1081 796 1159 possit
815 1081 951 1140 adhiberi.
995 1081 1055 1139 Cur
1067 1082 1154 1160 igitur
1168 1081 1206 1139 ad
1220 1101 1263 1140 se·
1279 1083 1295 1141 t

291 1179 396 1229 natum
405 1170 645 1250 proficiscebatur,
656 1190 721 1229 cum
735 1172 897 1249 praesertim
908 1172 945 1229 de
955 1171 1075 1249 captIvis
1083 1172 1264 1230 dissuasurus

294 1262 395 1321 esset?
416 1261 502 1330 Quod
511 1261 667 1319 maximum
676 1261 706 1320 in
715 1280 749 1319 eo
760 1268 812 1329 est,
824 1262 853 1320 id
863 1261 1078 1339 reprehenditis.
1113 1262 1180 1320 Non
1188 1262 1264 1321 enim
1279 1269 1297 1321 8

295 1371 348 1410 suo
358 1352 467 1431 judicio
480 1352 567 1422 stetit,
583 1352 633 1410 sed
655 1352 780 1431 suscepit
794 1372 919 1421 causam,
934 1361 967 1411 ut
981 1360 1056 1412 esset
1067 1354 1207 1431 judicium
1221 1372 1263 1411 se-

295 1448 397 1500 natus:
420 1442 466 1500 cui
486 1442 539 1501 nisi
560 1442 621 1521 ipse
642 1450 742 1501 auctor
764 1443 874 1511 fuisset,
889 1444 995 1522 captivi
1019 1446 1149 1522 profecto
1168 1444 1265 1503 Poenis

294 1531 400 1590 redditi
423 1540 534 1590 essent:
555 1533 596 1591 ita
619 1532 766 1592 incolumis
788 1534 818 1591 in
842 1534 935 1611 patria
958 1535 1087 1614 Regulus
1107 1536 1263 1594 restitisset.

295 1620 381 1691 Quod
395 1621 462 1699 quia
481 1622 581 1700 patriae
602 1642 659 1681 non
679 1623 749 1681 utile
772 1625 893 1701 putavit,
909 1625 1014 1683 idcirco
1036 1626 1089 1684 sibi
1113 1626 1297 1684 honestumt)

294 1719 324 1770 ct
337 1712 442 1771 sentire
455 1713 503 1770 illa
515 1720 545 1771 et
559 1713 619 1791 pati
633 1714 760 1772 credidit.
802 1716 878 1772 Nam
892 1715 970 1791 quod
984 1715 1074 1783 aiunt,
1089 1716 1167 1792 quod
1180 1715 1264 1773 valde
1280 1720 1317 1772 10

293 1802 364 1861 utile
385 1802 431 1870 sit,
446 1802 476 1860 id
495 1803 556 1861 fieri
575 1803 742 1861 honestum:
764 1804 851 1861 immo
865 1823 932 1862 vero
946 1822 1017 1872 esse,
1032 1823 1088 1862 non
1102 1804 1170 1861 fieri.
1212 1805 1265 1861 Est

293 1892 368 1951 anim
389 1892 458 1951 nihil
479 1894 557 1961 utile,
572 1893 649 1971 quod
669 1893 745 1951 idem
766 1913 824 1952 non
844 1895 1011 1952 honestum:
1032 1913 1084 1952 nec
1098 1894 1165 1970 quia
1185 1894 1264 1962 utile,

291 1982 449 2042 honestum
462 1991 525 2051 est;
547 1983 599 2042 sed
613 1984 680 2061 quia
700 1985 863 2051 honestum,
878 1984 955 2042 utile.
998 1984 1092 2052 Quare
1112 2003 1148 2041 ex
1168 1983 1264 2040 multis
1281 1990 1315 2042 11

291 2072 470 2131 mirabilibus
494 2074 639 2151 exemplis,
654 2074 733 2132 haud
751 2074 835 2132 facile
849 2074 913 2152 quis
934 2074 1035 2133 dixerit
1058 2076 1113 2133 hoc
1134 2074 1265 2153 exemplo

292 2170 346 2223 aut
357 2163 528 2221 laudabilius
542 2170 593 2221 aut
606 2164 798 2241 praestantius.

333 2345 443 2404 XXXI.
465 2344 525 2403 Sed
538 2364 575 2402 ex
588 2352 650 2403 tota
663 2344 718 2404 hac
731 2344 817 2404 laude
825 2344 931 2424 Reguli
941 2364 1029 2404 unum
1042 2345 1111 2404 illud
1122 2352 1166 2405 cst
1177 2345 1265 2404 admi-

293 2437 406 2495 ratione
429 2435 557 2513 dignum,
582 2434 660 2513 quod
685 2436 813 2513 captivos
841 2436 1002 2495 retinendos
1030 2438 1146 2495 censuit.
1189 2438 1297 2495 Nama

293 2526 375 2605 quod
389 2525 480 2593 rediit,
494 2525 575 2584 nobis
597 2544 672 2583 nunc
693 2527 821 2584 mirabile
835 2527 963 2585 videtur:
984 2528 1038 2585 illis
1058 2528 1173 2604 quidem
1194 2535 1265 2585 tem-

294 2617 415 2696 poribus
428 2616 510 2674 aliter
529 2616 623 2674 facere
639 2635 696 2673 non
716 2617 818 2694 potuit.
860 2619 961 2694 Itaque
985 2618 1040 2675 ista
1060 2619 1122 2675 laus
1145 2638 1202 2675 non
1223 2626 1266 2675 est

293 2707 426 2775 hominia,
455 2706 506 2764 sed
530 2713 700 2784 temporum.
742 2707 861 2765 Nullum
887 2707 960 2764 enim
984 2707 1128 2764 vinculum
1156 2707 1194 2765 ad
1222 2714 1298 2765 as·3

294 2796 479 2876 tringendam
501 2796 586 2854 fidem
610 2797 675 2874 jure
694 2796 819 2875 jurando
840 2797 963 2875 majores
985 2797 1074 2853 artius
1093 2815 1156 2854 esse
1170 2797 1266 2855 volue-

293 2894 371 2946 runt
412 2887 449 2945 Id
471 2887 595 2945 indicant
618 2887 696 2966 leges
719 2887 748 2944 in
767 2887 835 2946 XII.
857 2887 970 2955 tabulis
992 2885 1117 2944 indicant
1139 2892 1300 2954 sacratae,t

294 2978 422 3037 indicant
441 2977 558 3044 foedera,
574 2978 676 3054 quibus
698 2978 783 3035 etiam
804 2997 870 3036 cum
893 2978 975 3034 hoste
996 2976 1153 3035 devincitur
1176 2976 1266 3043 fides;

295 3068 424 3127 indIcant
436 3068 566 3125 notiones
580 3067 892 3144 animadversionesque
906 3086 1062 3133 censorum,
1078 3066 1127 3143 qui
1139 3067 1217 3123 nulla
1231 3066 1267 3123 de

295 3176 328 3217 re
341 3158 506 3236 diligentius
519 3176 606 3234 quam
620 3157 657 3215 dc
669 3159 733 3235 jure
744 3158 868 3236 jurando
887 3157 1062 3235 judicabant.
1105 3157 1137 3214 L.
1152 3156 1266 3224 Manlio,
1282 3166 1299 3215 5

296 3248 336 3307 Δ.
350 3249 395 3317 F„
411 3268 477 3307 cum
491 3248 615 3306 dictator
637 3249 748 3316 fuisset,
764 3248 803 3307 M.
825 3247 1001 3325 Pomponius
1023 3248 1152 3306 tribunus
1175 3247 1267 3325 plebis

298 3338 374 3397 diem
387 3338 467 3406 dixit,
482 3338 560 3416 quod
574 3338 598 3396 is
613 3358 720 3416 paucos
735 3339 787 3396 sibi
801 3339 861 3396 dies
874 3338 912 3396 ad
927 3338 1097 3396 dictaturam
1111 3337 1267 3415 gerendam

299 3428 463 3487 addidisset.
506 3428 715 3487 Criminabatur
738 3429 833 3496 etiam,
862 3429 939 3506 quod
967 3429 1063 3486 Titum
1091 3429 1191 3496 filium,
1220 3427 1300 3505 qui6

300 3527 400 3598 postea
414 3526 458 3576 est
472 3519 632 3595 Torquatus
646 3519 818 3597 appellatus,
833 3519 870 3577 ab
885 3519 1046 3577 hominibus
1065 3520 1222 3597 relegasset
1236 3526 1266 3576 et

301 3609 357 3667 ruri
369 3609 499 3668 habitare
510 3609 648 3687 jussisset.
681 3608 834 3677 Quodcum
848 3610 1002 3667 audivisset
1011 3609 1175 3667 adolescens
1186 3609 1267 3676 filius,
1284 3609 1300 3666 'l

302 3699 447 3778 negotium
460 3700 585 3757 exhiberi
608 3700 699 3776 patri:
720 3699 876 3757 accurrisse
897 3700 1019 3758 Romam
1039 3707 1068 3757 ot
1088 3720 1154 3758 oum
1175 3699 1284 3776 prima·

305 3782 364 3847 luce
376 3789 527 3866 Pomponii
541 3789 657 3847 domum
672 3790 780 3847 venisse
796 3789 905 3848 dicitur.
949 3789 1003 3848 Cui
1026 3810 1092 3847 cum
1106 3797 1182 3846 esset
1196 3808 1266 3845 nun·
1282 3792 1299 3845 8

307 3877 411 3947 tatum,
427 3879 477 3956 qui
496 3879 576 3937 illum
596 3880 700 3937 iratum
720 3880 873 3937 allaturum
886 3880 923 3937 ad
937 3898 968 3937 se
982 3879 1087 3956 aliquid
1101 3885 1199 3936 contra
1219 3896 1269 3953 pa·

293 4016 299 4031 ..
308 3970 375 4029 uem
387 3963 582 4037 arbitraretur,
596 3970 718 4029 surrexit
737 3989 754 4028 e
774 3969 889 4038 lectulo,
904 3970 1074 4047 remotisque
1096 3966 1215 4034 arbitris,
1231 3964 1269 4023 ad
