<?xml version="1.0" encoding="UTF-8"?>
<!DOCTYPE html PUBLIC "-//W3C//DTD XHTML 1.0 Transitional//EN"
    "http://www.w3.org/TR/xhtml1/DTD/xhtml1-transitional.dtd">
<html xmlns="http://www.w3.org/1999/xhtml" xml:lang="en" lang="en">
 <head>
  <title>
</title>
<meta http-equiv="Content-Type" content="text/html;charset=utf-8" />
  <meta name='ocr-system' content='tesseract 3.04.00' />
  <meta name='ocr-capabilities' content='ocr_page ocr_carea ocr_par ocr_line ocrx_word'/>
</head>
<body>
  <div class='ocr_page' id='page_1' title='image "./mtulliiciceroni00thacgoog_0013.png"; bbox 0 0 3259 4775; ppageno 0'>
   <div class='ocr_carea' id='block_1_1' title="bbox 565 760 925 838">
    <p class='ocr_par' dir='ltr' id='par_1_1' title="bbox 565 760 925 838">
     <span class='ocr_line' id='line_1_1' title="bbox 565 760 925 838; baseline -0.006 0"><span class='ocrx_word' id='word_1_1' title='bbox 565 835 566 838; x_wconf 74' lang='grc'>,</span> <span class='ocrx_word' id='word_1_2' title='bbox 617 760 925 837; x_wconf 78' lang='lat' dir='ltr'>CONSPECTUS</span> 
     </span>
    </p>
   </div>
   <div class='ocr_carea' id='block_1_2' title="bbox 333 960 1207 1023">
    <p class='ocr_par' dir='ltr' id='par_1_2' title="bbox 333 960 1207 1023">
     <span class='ocr_line' id='line_1_2' title="bbox 333 960 1207 1023; baseline -0.002 0"><span class='ocrx_word' id='word_1_3' title='bbox 333 962 477 1023; x_wconf 69' lang='lat' dir='ltr'><strong>dorma</strong></span> <span class='ocrx_word' id='word_1_4' title='bbox 497 962 640 1022; x_wconf 82' lang='lat' dir='ltr'>OPERIS</span> <span class='ocrx_word' id='word_1_5' title='bbox 661 962 931 1022; x_wconf 80' lang='lat' dir='ltr'>CICERONIANI</span> <span class='ocrx_word' id='word_1_6' title='bbox 951 964 1005 1022; x_wconf 84' lang='lat' dir='ltr'><strong>DE</strong></span> <span class='ocrx_word' id='word_1_7' title='bbox 1025 960 1207 1023; x_wconf 81' lang='lat' dir='ltr'><strong>OFFIGIIS.</strong></span> 
     </span>
    </p>
   </div>
   <div class='ocr_carea' id='block_1_3' title="bbox 694 1381 839 1432">
    <p class='ocr_par' dir='ltr' id='par_1_3' title="bbox 694 1381 839 1432">
     <span class='ocr_line' id='line_1_3' title="bbox 694 1381 839 1432; baseline 0.007 -1"><span class='ocrx_word' id='word_1_8' title='bbox 694 1381 802 1431; x_wconf 87' lang='lat' dir='ltr'>LIBER</span> <span class='ocrx_word' id='word_1_9' title='bbox 826 1382 839 1432; x_wconf 94' lang='lat'>1</span> 
     </span>
    </p>
   </div>
   <div class='ocr_carea' id='block_1_4' title="bbox 258 1511 1278 2620">
    <p class='ocr_par' dir='ltr' id='par_1_4' title="bbox 258 1511 1278 1748">
     <span class='ocr_line' id='line_1_4' title="bbox 258 1511 1276 1592; baseline -0.004 -18"><span class='ocrx_word' id='word_1_10' title='bbox 258 1513 437 1574; x_wconf 79' lang='lat' dir='ltr'><strong>Prooemium</strong></span> <span class='ocrx_word' id='word_1_11' title='bbox 456 1511 493 1569; x_wconf 85' lang='lat' dir='ltr'><strong>ad</strong></span> <span class='ocrx_word' id='word_1_12' title='bbox 513 1511 601 1570; x_wconf 87' lang='lat' dir='ltr'><strong>filium</strong></span> <span class='ocrx_word' id='word_1_13' title='bbox 628 1512 665 1570; x_wconf 92' lang='grc'><strong>(16</strong></span> <span class='ocrx_word' id='word_1_14' title='bbox 685 1512 882 1592; x_wconf 87' lang='lat' dir='ltr'><strong>conjungenda</strong></span> <span class='ocrx_word' id='word_1_15' title='bbox 902 1513 1014 1573; x_wconf 84' lang='lat' dir='ltr'><strong>Graecae</strong></span> <span class='ocrx_word' id='word_1_16' title='bbox 1043 1513 1206 1590; x_wconf 77' lang='lat' dir='ltr'><strong>Latinaeque</strong></span> <span class='ocrx_word' id='word_1_17' title='bbox 1226 1512 1276 1571; x_wconf 91' lang='lat' dir='ltr'><strong>lin·</strong></span> 
     </span>
     <span class='ocr_line' id='line_1_5' title="bbox 479 1591 1278 1670; baseline 0.003 -22"><span class='ocrx_word' id='word_1_18' title='bbox 479 1610 544 1669; x_wconf 81' lang='lat' dir='ltr'><strong>guae</strong></span> <span class='ocrx_word' id='word_1_19' title='bbox 564 1592 709 1659; x_wconf 82' lang='lat' dir='ltr'><strong>facultate,</strong></span> <span class='ocrx_word' id='word_1_20' title='bbox 726 1592 909 1670; x_wconf 87' lang='lat' dir='ltr'><strong>legendisque</strong></span> <span class='ocrx_word' id='word_1_21' title='bbox 929 1612 963 1650; x_wconf 87' lang='lat' dir='ltr'><strong>ea</strong></span> <span class='ocrx_word' id='word_1_22' title='bbox 977 1591 1014 1650; x_wconf 95' lang='grc'><strong>(16</strong></span> <span class='ocrx_word' id='word_1_23' title='bbox 1028 1611 1114 1650; x_wconf 86' lang='lat' dir='ltr'><strong>causa</strong></span> <span class='ocrx_word' id='word_1_24' title='bbox 1128 1593 1185 1650; x_wconf 88' lang='lat' dir='ltr'><strong>suis</strong></span> <span class='ocrx_word' id='word_1_25' title='bbox 1199 1591 1278 1650; x_wconf 78' lang='lat' dir='ltr'><strong>libris</strong></span> 
     </span>
     <span class='ocr_line' id='line_1_6' title="bbox 481 1670 978 1748; baseline 0.006 -21"><span class='ocrx_word' id='word_1_26' title='bbox 481 1670 517 1728; x_wconf 92' lang='lat' dir='ltr'><strong>de</strong></span> <span class='ocrx_word' id='word_1_27' title='bbox 531 1670 711 1748; x_wconf 88' lang='lat' dir='ltr'>philosophia</span> <span class='ocrx_word' id='word_1_28' title='bbox 724 1671 851 1747; x_wconf 89' lang='lat' dir='ltr'><strong>scriptis:</strong></span> <span class='ocrx_word' id='word_1_29' title='bbox 873 1690 935 1748; x_wconf 91' lang='lat' dir='ltr'><strong>cap.</strong></span> <span class='ocrx_word' id='word_1_30' title='bbox 953 1678 978 1730; x_wconf 95' lang='lat' dir='ltr'><strong>l.</strong></span> 
     </span>
    </p>

    <p class='ocr_par' dir='ltr' id='par_1_5' title="bbox 260 1749 1278 1907">
     <span class='ocr_line' id='line_1_7' title="bbox 260 1749 1278 1826; baseline 0.001 -18"><span class='ocrx_word' id='word_1_31' title='bbox 260 1750 425 1825; x_wconf 54' lang='lat' dir='ltr'><strong>Prosocero</strong></span> <span class='ocrx_word' id='word_1_32' title='bbox 438 1749 484 1816; x_wconf 87' lang='lat' dir='ltr'><strong>rei,</strong></span> <span class='ocrx_word' id='word_1_33' title='bbox 500 1767 530 1806; x_wconf 89' lang='lat' dir='ltr'><strong>se</strong></span> <span class='ocrx_word' id='word_1_34' title='bbox 544 1749 580 1807; x_wconf 91' lang='lat' dir='ltr'><strong>de</strong></span> <span class='ocrx_word' id='word_1_35' title='bbox 596 1749 699 1807; x_wconf 88' lang='lat' dir='ltr'><strong>Officiis</strong></span> <span class='ocrx_word' id='word_1_36' title='bbox 721 1768 796 1806; x_wconf 91' lang='lat' dir='ltr'><strong>nunc</strong></span> <span class='ocrx_word' id='word_1_37' title='bbox 816 1749 932 1825; x_wconf 88' lang='lat' dir='ltr'><strong>quidem</strong></span> <span class='ocrx_word' id='word_1_38' title='bbox 952 1749 1132 1826; x_wconf 87' lang='lat' dir='ltr'><strong>scripturum,</strong></span> <span class='ocrx_word' id='word_1_39' title='bbox 1147 1757 1176 1807; x_wconf 88' lang='lat' dir='ltr'><strong>ct</strong></span> <span class='ocrx_word' id='word_1_40' title='bbox 1196 1749 1223 1807; x_wconf 89' lang='lat' dir='ltr'><strong>in</strong></span> <span class='ocrx_word' id='word_1_41' title='bbox 1244 1768 1278 1809; x_wconf 85' lang='lat' dir='ltr'><strong>co</strong></span> 
     </span>
     <span class='ocr_line' id='line_1_8' title="bbox 481 1825 1230 1907; baseline 0.001 -23"><span class='ocrx_word' id='word_1_42' title='bbox 481 1837 649 1907; x_wconf 82' lang='lat' dir='ltr'><strong>argumento</strong></span> <span class='ocrx_word' id='word_1_43' title='bbox 662 1828 774 1886; x_wconf 84' lang='lat' dir='ltr'><strong>Stoicos</strong></span> <span class='ocrx_word' id='word_1_44' title='bbox 788 1836 967 1885; x_wconf 88' lang='lat' dir='ltr'><strong>secuturum:</strong></span> <span class='ocrx_word' id='word_1_45' title='bbox 989 1846 1052 1904; x_wconf 90' lang='lat' dir='ltr'><strong>cap.</strong></span> <span class='ocrx_word' id='word_1_46' title='bbox 1069 1834 1095 1894; x_wconf 82' lang='lat'><strong>2,</strong></span> <span class='ocrx_word' id='word_1_47' title='bbox 1111 1825 1128 1905; x_wconf 64' lang='grc' dir='ltr'>ξ</span> <span class='ocrx_word' id='word_1_48' title='bbox 1145 1833 1230 1885; x_wconf 93' lang='lat'>1-10.</span> 
     </span>
    </p>

    <p class='ocr_par' dir='ltr' id='par_1_6' title="bbox 264 1906 1278 2223">
     <span class='ocr_line' id='line_1_9' title="bbox 264 1906 1278 1985; baseline 0 -19"><span class='ocrx_word' id='word_1_49' title='bbox 264 1907 402 1985; x_wconf 67' lang='lat' dir='ltr'><strong>Definitio</strong></span> <span class='ocrx_word' id='word_1_50' title='bbox 416 1906 514 1975; x_wconf 89' lang='lat' dir='ltr'><strong>Officii,</strong></span> <span class='ocrx_word' id='word_1_51' title='bbox 526 1906 563 1964; x_wconf 90' lang='grc'><strong>(16</strong></span> <span class='ocrx_word' id='word_1_52' title='bbox 577 1926 634 1985; x_wconf 95' lang='lat' dir='ltr'><strong>quo</strong></span> <span class='ocrx_word' id='word_1_53' title='bbox 647 1908 690 1965; x_wconf 85' lang='lat' dir='ltr'><strong>his</strong></span> <span class='ocrx_word' id='word_1_54' title='bbox 704 1906 780 1965; x_wconf 91' lang='lat' dir='ltr'><strong>libris</strong></span> <span class='ocrx_word' id='word_1_55' title='bbox 791 1914 907 1965; x_wconf 88' lang='lat' dir='ltr'><strong>acturus</strong></span> <span class='ocrx_word' id='word_1_56' title='bbox 921 1906 973 1965; x_wconf 88' lang='lat' dir='ltr'><strong>sit:</strong></span> <span class='ocrx_word' id='word_1_57' title='bbox 994 1925 1056 1965; x_wconf 88' lang='lat' dir='ltr'><strong>esse</strong></span> <span class='ocrx_word' id='word_1_58' title='bbox 1070 1907 1143 1964; x_wconf 89' lang='lat' dir='ltr'><strong>enim</strong></span> <span class='ocrx_word' id='word_1_59' title='bbox 1153 1906 1190 1974; x_wconf 94' lang='lat' dir='ltr'><strong>id,</strong></span> <span class='ocrx_word' id='word_1_60' title='bbox 1203 1908 1278 1985; x_wconf 90' lang='lat' dir='ltr'><strong>quod</strong></span> 
     </span>
     <span class='ocr_line' id='line_1_10' title="bbox 480 1985 1278 2064; baseline 0.003 -21"><span class='ocrx_word' id='word_1_61' title='bbox 480 1986 597 2064; x_wconf 85' lang='lat' dir='ltr'><strong>singulis</strong></span> <span class='ocrx_word' id='word_1_62' title='bbox 617 1986 646 2043; x_wconf 91' lang='lat' dir='ltr'><strong>in</strong></span> <span class='ocrx_word' id='word_1_63' title='bbox 666 1988 751 2045; x_wconf 90' lang='lat' dir='ltr'><strong>rebus</strong></span> <span class='ocrx_word' id='word_1_64' title='bbox 771 1993 925 2063; x_wconf 81' lang='lat' dir='ltr'><strong>spectetur,</strong></span> <span class='ocrx_word' id='word_1_65' title='bbox 940 1994 970 2045; x_wconf 88' lang='lat' dir='ltr'><strong>et</strong></span> <span class='ocrx_word' id='word_1_66' title='bbox 989 1986 1065 2064; x_wconf 90' lang='lat' dir='ltr'><strong>quod</strong></span> <span class='ocrx_word' id='word_1_67' title='bbox 1085 1985 1207 2044; x_wconf 75' lang='lat' dir='ltr'><strong>modium</strong></span> <span class='ocrx_word' id='word_1_68' title='bbox 1220 1987 1278 2045; x_wconf 85' lang='lat' dir='ltr'><strong>sive</strong></span> 
     </span>
     <span class='ocr_line' id='line_1_11' title="bbox 480 2065 1278 2144; baseline 0.005 -23"><span class='ocrx_word' id='word_1_69' title='bbox 480 2083 622 2122; x_wconf 76' lang='lat' dir='ltr'><strong>commane</strong></span> <span class='ocrx_word' id='word_1_70' title='bbox 641 2065 760 2133; x_wconf 88' lang='lat' dir='ltr'><strong>dicatur,</strong></span> <span class='ocrx_word' id='word_1_71' title='bbox 775 2066 916 2123; x_wconf 84' lang='lat' dir='ltr'><strong>actionem</strong></span> <span class='ocrx_word' id='word_1_72' title='bbox 929 2066 1011 2144; x_wconf 87' lang='lat' dir='ltr'><strong>cujus</strong></span> <span class='ocrx_word' id='word_1_73' title='bbox 1025 2084 1111 2123; x_wconf 88' lang='lat' dir='ltr'><strong>causa</strong></span> <span class='ocrx_word' id='word_1_74' title='bbox 1125 2066 1278 2143; x_wconf 87' lang='lat' dir='ltr'><strong>probabilis</strong></span> 
     </span>
     <span class='ocr_line' id='line_1_12' title="bbox 480 2142 1109 2223; baseline 0.005 -22"><span class='ocrx_word' id='word_1_75' title='bbox 480 2143 562 2202; x_wconf 84' lang='lat' dir='ltr'><strong>reddi</strong></span> <span class='ocrx_word' id='word_1_76' title='bbox 575 2145 680 2221; x_wconf 86' lang='lat' dir='ltr'><strong>possit:</strong></span> <span class='ocrx_word' id='word_1_77' title='bbox 702 2164 764 2222; x_wconf 89' lang='lat' dir='ltr'><strong>cap.</strong></span> <span class='ocrx_word' id='word_1_78' title='bbox 777 2152 804 2212; x_wconf 83' lang='lat'><strong>2,</strong></span> <span class='ocrx_word' id='word_1_79' title='bbox 821 2142 992 2223; x_wconf 71' lang='lat' dir='ltr'><strong>§ll-cap.</strong></span> <span class='ocrx_word' id='word_1_80' title='bbox 1008 2152 1035 2212; x_wconf 80' lang='lat'><strong>3,</strong></span> <span class='ocrx_word' id='word_1_81' title='bbox 1050 2143 1068 2223; x_wconf 61' lang='grc' dir='ltr'>ἓ</span> <span class='ocrx_word' id='word_1_82' title='bbox 1083 2154 1109 2204; x_wconf 84' lang='grc'><strong>5.</strong></span> 
     </span>
    </p>

    <p class='ocr_par' dir='ltr' id='par_1_7' title="bbox 263 2223 1278 2620">
     <span class='ocr_line' id='line_1_13' title="bbox 263 2223 1277 2303; baseline -0.001 -20"><span class='ocrx_word' id='word_1_83' title='bbox 263 2225 376 2283; x_wconf 74' lang='lat' dir='ltr'><strong>Divisio</strong></span> <span class='ocrx_word' id='word_1_84' title='bbox 395 2224 570 2281; x_wconf 82' lang='lat' dir='ltr'><strong>tractationis</strong></span> <span class='ocrx_word' id='word_1_85' title='bbox 584 2223 771 2301; x_wconf 89' lang='lat' dir='ltr'><strong>quincuplex:</strong></span> <span class='ocrx_word' id='word_1_86' title='bbox 793 2243 855 2282; x_wconf 88' lang='lat' dir='ltr'><strong>esse</strong></span> <span class='ocrx_word' id='word_1_87' title='bbox 869 2224 943 2282; x_wconf 90' lang='lat' dir='ltr'><strong>enim</strong></span> <span class='ocrx_word' id='word_1_88' title='bbox 965 2225 1109 2303; x_wconf 81' lang='lat' dir='ltr'><strong>agendum</strong></span> <span class='ocrx_word' id='word_1_89' title='bbox 1128 2224 1151 2282; x_wconf 94' lang='lat' dir='ltr'><strong>I.</strong></span> <span class='ocrx_word' id='word_1_90' title='bbox 1167 2224 1203 2281; x_wconf 90' lang='lat' dir='ltr'><strong>de</strong></span> <span class='ocrx_word' id='word_1_91' title='bbox 1218 2224 1277 2282; x_wconf 91' lang='lat' dir='ltr'><strong>Ho-</strong></span> 
     </span>
     <span class='ocr_line' id='line_1_14' title="bbox 481 2302 1278 2381; baseline 0.003 -22"><span class='ocrx_word' id='word_1_92' title='bbox 481 2309 570 2370; x_wconf 89' lang='lat' dir='ltr'><strong>nesto,</strong></span> <span class='ocrx_word' id='word_1_93' title='bbox 593 2304 632 2361; x_wconf 94' lang='grc' dir='ltr'><strong>ΙΙ,</strong></span> <span class='ocrx_word' id='word_1_94' title='bbox 653 2302 690 2361; x_wconf 91' lang='grc'><strong>(16</strong></span> <span class='ocrx_word' id='word_1_95' title='bbox 709 2302 902 2361; x_wconf 87' lang='lat' dir='ltr'><strong>Honestcrum</strong></span> <span class='ocrx_word' id='word_1_96' title='bbox 924 2303 1139 2381; x_wconf 85' lang='lat' dir='ltr'><strong>comparatione,</strong></span> <span class='ocrx_word' id='word_1_97' title='bbox 1162 2304 1218 2361; x_wconf 93' lang='grc' dir='ltr'><strong>ΙΙΙ.</strong></span> <span class='ocrx_word' id='word_1_98' title='bbox 1242 2303 1278 2361; x_wconf 90' lang='grc'><strong>(16</strong></span> 
     </span>
     <span class='ocr_line' id='line_1_15' title="bbox 480 2381 1277 2461; baseline 0 -21"><span class='ocrx_word' id='word_1_99' title='bbox 480 2381 560 2448; x_wconf 88' lang='lat' dir='ltr'><strong>Utili,</strong></span> <span class='ocrx_word' id='word_1_100' title='bbox 575 2382 628 2441; x_wconf 90' lang='lat' dir='ltr'><strong>IV.</strong></span> <span class='ocrx_word' id='word_1_101' title='bbox 654 2381 691 2440; x_wconf 89' lang='lat' dir='ltr'><strong>de</strong></span> <span class='ocrx_word' id='word_1_102' title='bbox 713 2382 834 2440; x_wconf 92' lang='lat' dir='ltr'><strong>Utilium</strong></span> <span class='ocrx_word' id='word_1_103' title='bbox 855 2384 1074 2461; x_wconf 87' lang='lat' dir='ltr'><strong>comparatione,</strong></span> <span class='ocrx_word' id='word_1_104' title='bbox 1098 2382 1135 2441; x_wconf 91' lang='lat' dir='ltr'><strong>V.</strong></span> <span class='ocrx_word' id='word_1_105' title='bbox 1158 2382 1195 2440; x_wconf 89' lang='lat' dir='ltr'><strong>de</strong></span> <span class='ocrx_word' id='word_1_106' title='bbox 1218 2382 1277 2441; x_wconf 94' lang='lat' dir='ltr'><strong>Ho-</strong></span> 
     </span>
     <span class='ocr_line' id='line_1_16' title="bbox 481 2462 1277 2538; baseline 0.003 -20"><span class='ocrx_word' id='word_1_107' title='bbox 481 2462 554 2519; x_wconf 88' lang='lat' dir='ltr'><strong>nesti</strong></span> <span class='ocrx_word' id='word_1_108' title='bbox 575 2469 604 2519; x_wconf 92' lang='lat' dir='ltr'><strong>et</strong></span> <span class='ocrx_word' id='word_1_109' title='bbox 627 2462 720 2529; x_wconf 89' lang='lat' dir='ltr'><strong>Utilis,</strong></span> <span class='ocrx_word' id='word_1_110' title='bbox 744 2481 809 2538; x_wconf 86' lang='lat' dir='ltr'><strong>quae</strong></span> <span class='ocrx_word' id='word_1_111' title='bbox 841 2462 970 2520; x_wconf 87' lang='lat' dir='ltr'><strong>videatur</strong></span> <span class='ocrx_word' id='word_1_112' title='bbox 991 2481 1062 2530; x_wconf 87' lang='lat' dir='ltr'><strong>esse,</strong></span> <span class='ocrx_word' id='word_1_113' title='bbox 1084 2462 1277 2521; x_wconf 86' lang='lat' dir='ltr'><strong>contentione:</strong></span> 
     </span>
     <span class='ocr_line' id='line_1_17' title="bbox 482 2539 821 2620; baseline 0.006 -23"><span class='ocrx_word' id='word_1_114' title='bbox 482 2559 544 2618; x_wconf 92' lang='lat' dir='ltr'><strong>cap.</strong></span> <span class='ocrx_word' id='word_1_115' title='bbox 561 2548 588 2608; x_wconf 89' lang='lat'><strong>3,</strong></span> <span class='ocrx_word' id='word_1_116' title='bbox 603 2539 620 2620; x_wconf 63' lang='lat' dir='ltr'>fi</span> <span class='ocrx_word' id='word_1_117' title='bbox 636 2542 741 2599; x_wconf 78' lang='lat' dir='ltr'><strong>ss-fin.</strong></span> <span class='ocrx_word' id='word_1_118' title='bbox 757 2560 821 2619; x_wconf 90' lang='lat' dir='ltr'><strong>cap.</strong></span> 
     </span>
    </p>
   </div>
   <div class='ocr_carea' id='block_1_5' title="bbox 302 2685 1177 2841">
    <p class='ocr_par' dir='ltr' id='par_1_8' title="bbox 302 2685 1177 2841">
     <span class='ocr_line' id='line_1_18' title="bbox 302 2685 935 2764; baseline -0.003 -18"><span class='ocrx_word' id='word_1_119' title='bbox 302 2688 326 2746; x_wconf 93' lang='grc' dir='ltr'><strong>Ι.</strong></span> <span class='ocrx_word' id='word_1_120' title='bbox 342 2686 388 2744; x_wconf 89' lang='lat' dir='ltr'><strong>De</strong></span> <span class='ocrx_word' id='word_1_121' title='bbox 402 2685 521 2742; x_wconf 70' lang='lat' dir='ltr'><strong>Honesta</strong></span> <span class='ocrx_word' id='word_1_122' title='bbox 534 2685 628 2764; x_wconf 84' lang='lat' dir='ltr'><strong>agitur</strong></span> <span class='ocrx_word' id='word_1_123' title='bbox 641 2704 659 2742; x_wconf 91' lang='lat' dir='ltr'><strong>a</strong></span> <span class='ocrx_word' id='word_1_124' title='bbox 673 2705 735 2763; x_wconf 91' lang='lat' dir='ltr'><strong>cap.</strong></span> <span class='ocrx_word' id='word_1_125' title='bbox 751 2691 872 2764; x_wconf 86' lang='lat' dir='ltr'><strong>4-cap.</strong></span> <span class='ocrx_word' id='word_1_126' title='bbox 888 2693 935 2744; x_wconf 82' lang='lat'><strong>42.</strong></span> 
     </span>
     <span class='ocr_line' id='line_1_19' title="bbox 345 2763 1177 2841; baseline -0.004 -18"><span class='ocrx_word' id='word_1_127' title='bbox 345 2764 521 2823; x_wconf 86' lang='lat' dir='ltr'><strong>Generaliter</strong></span> <span class='ocrx_word' id='word_1_128' title='bbox 534 2763 571 2822; x_wconf 93' lang='lat' dir='ltr'><strong>de</strong></span> <span class='ocrx_word' id='word_1_129' title='bbox 584 2771 686 2821; x_wconf 87' lang='lat' dir='ltr'><strong>natura</strong></span> <span class='ocrx_word' id='word_1_130' title='bbox 699 2765 820 2823; x_wconf 88' lang='lat' dir='ltr'><strong>Honesti</strong></span> <span class='ocrx_word' id='word_1_131' title='bbox 832 2765 861 2822; x_wconf 94' lang='lat' dir='ltr'><strong>in</strong></span> <span class='ocrx_word' id='word_1_132' title='bbox 874 2766 1050 2823; x_wconf 87' lang='lat' dir='ltr'><strong>universum:</strong></span> <span class='ocrx_word' id='word_1_133' title='bbox 1072 2783 1135 2841; x_wconf 90' lang='lat' dir='ltr'><strong>cap.</strong></span> <span class='ocrx_word' id='word_1_134' title='bbox 1150 2769 1177 2821; x_wconf 79' lang='lat'><strong>4.</strong></span> 
     </span>
    </p>
   </div>
   <div class='ocr_carea' id='block_1_6' title="bbox 344 2842 1389 2921">
    <p class='ocr_par' dir='ltr' id='par_1_9' title="bbox 344 2842 1389 2921">
     <span class='ocr_line' id='line_1_20' title="bbox 344 2842 1389 2921; baseline -0.004 -18"><span class='ocrx_word' id='word_1_135' title='bbox 344 2844 487 2903; x_wconf 75' lang='lat' dir='ltr'><strong>Diuisione</strong></span> <span class='ocrx_word' id='word_1_136' title='bbox 500 2843 576 2900; x_wconf 81' lang='lat' dir='ltr'><strong>facta</strong></span> <span class='ocrx_word' id='word_1_137' title='bbox 589 2844 775 2921; x_wconf 87' lang='lat' dir='ltr'><strong>quadruplici,</strong></span> <span class='ocrx_word' id='word_1_138' title='bbox 790 2843 867 2903; x_wconf 91' lang='lat' dir='ltr'><strong>unde</strong></span> <span class='ocrx_word' id='word_1_139' title='bbox 881 2845 1000 2902; x_wconf 82' lang='lat' dir='ltr'><strong>virtutes</strong></span> <span class='ocrx_word' id='word_1_140' title='bbox 1013 2844 1156 2901; x_wconf 90' lang='lat' dir='ltr'><strong>ducuntur</strong></span> <span class='ocrx_word' id='word_1_141' title='bbox 1169 2842 1279 2920; x_wconf 81' lang='lat' dir='ltr'><strong>eapien-</strong></span> <span class='ocrx_word' id='word_1_142' title='bbox 1387 2842 1389 2848; x_wconf 84' lang='lat'>&#39;</span> 
     </span>
    </p>
   </div>
   <div class='ocr_carea' id='block_1_7' title="bbox 345 2922 1277 3146">
    <p class='ocr_par' dir='ltr' id='par_1_10' title="bbox 345 2922 1277 3146">
     <span class='ocr_line' id='line_1_21' title="bbox 424 2922 1277 3000; baseline 0.004 -20"><span class='ocrx_word' id='word_1_143' title='bbox 424 2923 483 2990; x_wconf 86' lang='lat' dir='ltr'><strong>tiae,</strong></span> <span class='ocrx_word' id='word_1_144' title='bbox 496 2922 623 3000; x_wconf 79' lang='lat' dir='ltr'><strong>justitiae,</strong></span> <span class='ocrx_word' id='word_1_145' title='bbox 637 2923 816 2990; x_wconf 85' lang='lat' dir='ltr'><strong>fortitudinis,</strong></span> <span class='ocrx_word' id='word_1_146' title='bbox 828 2922 1034 3000; x_wconf 83' lang='lat' dir='ltr'><strong>temperantiae,</strong></span> <span class='ocrx_word' id='word_1_147' title='bbox 1048 2939 1109 2997; x_wconf 86' lang='lat' dir='ltr'><strong>cap.</strong></span> <span class='ocrx_word' id='word_1_148' title='bbox 1126 2930 1152 2979; x_wconf 89' lang='lat'><strong>5.</strong></span> <span class='ocrx_word' id='word_1_149' title='bbox 1274 2978 1277 2983; x_wconf 88' lang='lat'><em>.</em></span> 
     </span>
     <span class='ocr_line' id='line_1_22' title="bbox 345 3065 815 3146; baseline -0.004 -22"><span class='ocrx_word' id='word_1_150' title='bbox 345 3065 378 3146; x_wconf 92' lang='lat'><strong>1)</strong></span> <span class='ocrx_word' id='word_1_151' title='bbox 393 3066 430 3123; x_wconf 92' lang='grc'><strong>(16</strong></span> <span class='ocrx_word' id='word_1_152' title='bbox 446 3065 591 3140; x_wconf 76' lang='lat' dir='ltr'><strong>Sapientia</strong></span> <span class='ocrx_word' id='word_1_153' title='bbox 604 3066 697 3144; x_wconf 83' lang='lat' dir='ltr'><strong>agitur</strong></span> <span class='ocrx_word' id='word_1_154' title='bbox 711 3085 772 3144; x_wconf 87' lang='lat' dir='ltr'><strong>cap.</strong></span> <span class='ocrx_word' id='word_1_155' title='bbox 789 3071 815 3124; x_wconf 84' lang='grc'><strong>6.</strong></span> 
     </span>
    </p>
   </div>
   <div class='ocr_carea' id='block_1_8' title="bbox 345 3208 1280 3368">
    <p class='ocr_par' dir='ltr' id='par_1_11' title="bbox 345 3208 1280 3368">
     <span class='ocr_line' id='line_1_23' title="bbox 345 3208 1280 3368; baseline -0.001 -99"><span class='ocrx_word' id='word_1_156' title='bbox 345 3209 377 3290; x_wconf 80' lang='lat'><strong>2)</strong></span> <span class='ocrx_word' id='word_1_157' title='bbox 392 3210 428 3268; x_wconf 90' lang='lat' dir='ltr'><strong>de</strong></span> <span class='ocrx_word' id='word_1_158' title='bbox 442 3209 600 3368; x_wconf 62' lang='grc' dir='ltr'><strong>,16611ίὲαὲ</strong></span> <span class='ocrx_word' id='word_1_159' title='bbox 613 3209 798 3285; x_wconf 79' lang='lat' dir='ltr'><strong>Beneficeatia</strong></span> <span class='ocrx_word' id='word_1_160' title='bbox 812 3229 878 3268; x_wconf 92' lang='lat' dir='ltr'><strong>cum</strong></span> <span class='ocrx_word' id='word_1_161' title='bbox 892 3208 940 3268; x_wconf 85' lang='lat' dir='ltr'><strong>illa</strong></span> <span class='ocrx_word' id='word_1_162' title='bbox 953 3208 1103 3287; x_wconf 89' lang='lat' dir='ltr'><strong>conjuncta</strong></span> <span class='ocrx_word' id='word_1_163' title='bbox 1116 3227 1206 3286; x_wconf 90' lang='lat' dir='ltr'><strong>acap.</strong></span> <span class='ocrx_word' id='word_1_164' title='bbox 1222 3209 1280 3268; x_wconf 76' lang='lat'><strong>7—-</strong></span> 
     </span>
     <span class='ocr_line' id='line_1_24' title="bbox 425 3298 625 3366; baseline 0.015 -20"><span class='ocrx_word' id='word_1_165' title='bbox 425 3307 487 3366; x_wconf 82' lang='lat' dir='ltr'><strong>cap.</strong></span> <span class='ocrx_word' id='word_1_166' title='bbox 542 3333 550 3357; x_wconf 93' lang='lat'><strong>,</strong></span> <span class='ocrx_word' id='word_1_167' title='bbox 598 3298 625 3349; x_wconf 83' lang='lat'><strong>5.</strong></span> 
     </span>
    </p>
   </div>
   <div class='ocr_carea' id='block_1_9' title="bbox 383 3430 1343 4041">
    <p class='ocr_par' dir='ltr' id='par_1_12' title="bbox 383 3430 1343 4041">
     <span class='ocr_line' id='line_1_25' title="bbox 383 3430 989 3510; baseline -0.002 -19"><span class='ocrx_word' id='word_1_168' title='bbox 383 3432 422 3491; x_wconf 87' lang='lat' dir='ltr'><strong>A.</strong></span> <span class='ocrx_word' id='word_1_169' title='bbox 445 3431 481 3489; x_wconf 89' lang='grc'><strong>(16</strong></span> <span class='ocrx_word' id='word_1_170' title='bbox 494 3432 614 3490; x_wconf 52' lang='lat' dir='ltr'><strong>,Iustitia</strong></span> <span class='ocrx_word' id='word_1_171' title='bbox 628 3451 645 3489; x_wconf 89' lang='lat' dir='ltr'><strong>a</strong></span> <span class='ocrx_word' id='word_1_172' title='bbox 659 3451 720 3510; x_wconf 89' lang='lat' dir='ltr'><strong>cap.</strong></span> <span class='ocrx_word' id='word_1_173' title='bbox 734 3430 790 3510; x_wconf 75' lang='lat'><strong>7,§</strong></span> <span class='ocrx_word' id='word_1_174' title='bbox 805 3439 926 3509; x_wconf 68' lang='lat' dir='ltr'><strong>t—cap.</strong></span> <span class='ocrx_word' id='word_1_175' title='bbox 944 3439 989 3490; x_wconf 89' lang='lat'><strong>13.</strong></span> 
     </span>
     <span class='ocr_line' id='line_1_26' title="bbox 444 3507 1306 3595; baseline 0.002 -28"><span class='ocrx_word' id='word_1_176' title='bbox 444 3509 474 3589; x_wconf 86' lang='lat' dir='ltr'><strong>a)</strong></span> <span class='ocrx_word' id='word_1_177' title='bbox 489 3512 526 3570; x_wconf 94' lang='grc'><strong>(16</strong></span> <span class='ocrx_word' id='word_1_178' title='bbox 539 3513 602 3588; x_wconf 85' lang='lat' dir='ltr'><strong>ipsa</strong></span> <span class='ocrx_word' id='word_1_179' title='bbox 615 3511 718 3569; x_wconf 86' lang='lat' dir='ltr'><strong>virtute</strong></span> <span class='ocrx_word' id='word_1_180' title='bbox 730 3512 866 3590; x_wconf 82' lang='lat' dir='ltr'><strong>justitiae:</strong></span> <span class='ocrx_word' id='word_1_181' title='bbox 888 3530 950 3588; x_wconf 92' lang='lat' dir='ltr'><strong>cap.</strong></span> <span class='ocrx_word' id='word_1_182' title='bbox 964 3512 991 3578; x_wconf 75' lang='lat'><strong>7,</strong></span> <span class='ocrx_word' id='word_1_183' title='bbox 1007 3508 1024 3588; x_wconf 62' lang='grc' dir='ltr'>ξ</span> <span class='ocrx_word' id='word_1_184' title='bbox 1039 3507 1115 3588; x_wconf 73' lang='lat'><strong>2-§</strong></span> <span class='ocrx_word' id='word_1_185' title='bbox 1131 3517 1158 3569; x_wconf 85' lang='lat'><strong>6.</strong></span> <span class='ocrx_word' id='word_1_186' title='bbox 1301 3587 1306 3595; x_wconf 93' lang='lat'><em>.</em></span> 
     </span>
     <span class='ocr_line' id='line_1_27' title="bbox 443 3589 1277 3668; baseline -0.006 -19"><span class='ocrx_word' id='word_1_187' title='bbox 443 3589 477 3667; x_wconf 92' lang='lat' dir='ltr'><strong>b)</strong></span> <span class='ocrx_word' id='word_1_188' title='bbox 491 3591 527 3648; x_wconf 89' lang='lat' dir='ltr'><strong>de</strong></span> <span class='ocrx_word' id='word_1_189' title='bbox 540 3590 685 3668; x_wconf 78' lang='lat' dir='ltr'><strong>injustitiae</strong></span> <span class='ocrx_word' id='word_1_190' title='bbox 699 3590 811 3648; x_wconf 89' lang='lat' dir='ltr'><strong>duobus</strong></span> <span class='ocrx_word' id='word_1_191' title='bbox 825 3591 984 3668; x_wconf 84' lang='lat' dir='ltr'><strong>generibus,</strong></span> <span class='ocrx_word' id='word_1_192' title='bbox 998 3589 1152 3647; x_wconf 81' lang='lat' dir='ltr'><strong>inscrendae</strong></span> <span class='ocrx_word' id='word_1_193' title='bbox 1173 3595 1203 3645; x_wconf 89' lang='lat' dir='ltr'><strong>et</strong></span> <span class='ocrx_word' id='word_1_194' title='bbox 1223 3607 1277 3645; x_wconf 91' lang='lat' dir='ltr'><strong>non</strong></span> 
     </span>
     <span class='ocr_line' id='line_1_28' title="bbox 524 3666 1128 3760; baseline -0.003 -34"><span class='ocrx_word' id='word_1_195' title='bbox 524 3669 708 3759; x_wconf 88' lang='lat' dir='ltr'><strong>prohibendae</strong></span> <span class='ocrx_word' id='word_1_196' title='bbox 722 3669 853 3760; x_wconf 45' lang='lat' dir='ltr'><strong>injuriosi</strong></span> <span class='ocrx_word' id='word_1_197' title='bbox 873 3687 934 3760; x_wconf 76' lang='lat' dir='ltr'><strong>cap.</strong></span> <span class='ocrx_word' id='word_1_198' title='bbox 951 3668 978 3737; x_wconf 80' lang='grc'><strong>7,</strong></span> <span class='ocrx_word' id='word_1_199' title='bbox 993 3666 1010 3746; x_wconf 64' lang='grc' dir='ltr'>ξ</span> <span class='ocrx_word' id='word_1_200' title='bbox 1026 3668 1042 3726; x_wconf 79' lang='grc'><strong>7</strong></span> <span class='ocrx_word' id='word_1_201' title='bbox 1058 3676 1087 3725; x_wconf 93' lang='lat' dir='ltr'><strong>et</strong></span> <span class='ocrx_word' id='word_1_202' title='bbox 1101 3675 1128 3727; x_wconf 89' lang='lat'><strong>8.</strong></span> 
     </span>
     <span class='ocr_line' id='line_1_29' title="bbox 565 3744 1280 3839; baseline -0.001 -36"><span class='ocrx_word' id='word_1_203' title='bbox 565 3746 597 3826; x_wconf 86' lang='grc' dir='ltr'><strong>α)</strong></span> <span class='ocrx_word' id='word_1_204' title='bbox 612 3748 648 3807; x_wconf 91' lang='grc'><strong>(16</strong></span> <span class='ocrx_word' id='word_1_205' title='bbox 662 3747 805 3805; x_wconf 83' lang='lat' dir='ltr'><strong>inferenda</strong></span> <span class='ocrx_word' id='word_1_206' title='bbox 814 3765 931 3839; x_wconf 65' lang='lat' dir='ltr'><strong>injuna:</strong></span> <span class='ocrx_word' id='word_1_207' title='bbox 949 3766 966 3804; x_wconf 90' lang='lat' dir='ltr'><strong>a</strong></span> <span class='ocrx_word' id='word_1_208' title='bbox 977 3766 1039 3823; x_wconf 92' lang='lat' dir='ltr'><strong>cap.</strong></span> <span class='ocrx_word' id='word_1_209' title='bbox 1050 3748 1076 3838; x_wconf 58' lang='lat'><strong>7,</strong></span> <span class='ocrx_word' id='word_1_210' title='bbox 1088 3744 1105 3824; x_wconf 63' lang='grc' dir='ltr'><strong>ἓ</strong></span> <span class='ocrx_word' id='word_1_211' title='bbox 1121 3753 1241 3835; x_wconf 63' lang='lat' dir='ltr'><strong>9‘.&#39;⁰⁸.P.·</strong></span> <span class='ocrx_word' id='word_1_212' title='bbox 1253 3751 1280 3802; x_wconf 87' lang='grc'><strong>8.</strong></span> 
     </span>
     <span class='ocr_line' id='line_1_30' title="bbox 562 3825 1343 3906; baseline -0.006 -21"><span class='ocrx_word' id='word_1_213' title='bbox 562 3825 600 3906; x_wconf 86' lang='grc' dir='ltr'><strong>β)</strong></span> <span class='ocrx_word' id='word_1_214' title='bbox 615 3826 652 3885; x_wconf 86' lang='grc'><strong>(16</strong></span> <span class='ocrx_word' id='word_1_215' title='bbox 683 3827 927 3905; x_wconf 82' lang='lat' dir='ltr'><strong>praetermrttenda</strong></span> <span class='ocrx_word' id='word_1_216' title='bbox 958 3825 1120 3883; x_wconf 75' lang='lat' dir='ltr'><strong>defensione</strong></span> <span class='ocrx_word' id='word_1_217' title='bbox 1144 3830 1281 3901; x_wconf 77' lang='lat' dir='ltr'><strong>Justrtsae:</strong></span> <span class='ocrx_word' id='word_1_218' title='bbox 1339 3882 1343 3889; x_wconf 75' lang='grc'>,</span> 
     </span>
     <span class='ocr_line' id='line_1_31' title="bbox 644 3904 916 4041; baseline -0.004 -77"><span class='ocrx_word' id='word_1_219' title='bbox 644 3925 707 3984; x_wconf 88' lang='lat' dir='ltr'><strong>cap.</strong></span> <span class='ocrx_word' id='word_1_220' title='bbox 723 3912 750 3974; x_wconf 85' lang='lat'><strong>9,</strong></span> <span class='ocrx_word' id='word_1_221' title='bbox 766 3904 875 4041; x_wconf 61' lang='lat' dir='ltr'><strong>§ll-g</strong></span> <span class='ocrx_word' id='word_1_222' title='bbox 890 3914 916 3964; x_wconf 87' lang='lat'><strong>5.</strong></span> 
     </span>
    </p>
   </div>
   <div class='ocr_carea' id='block_1_10' title="bbox 0 0 1634 4775">
    <p class='ocr_par' dir='ltr' id='par_1_13' title="bbox 0 0 1634 4775">
     <span class='ocr_line' id='line_1_32' title="bbox 0 0 1634 4775; baseline 0 0"><span class='ocrx_word' id='word_1_223' title='bbox 0 0 1634 4775; x_wconf 95' lang='lat' dir='ltr'><strong> </strong></span> 
     </span>
    </p>
   </div>
  </div>
 </body>
</html>
