3259 4775
305 606 361 659 100
717 615 754 654 nu
770 614 897 655 ouurcne

304 754 338 807 12
354 746 590 806 cedaemouiorum
599 764 669 824 opes
679 764 795 803 necesse
808 750 892 802 esset.
935 742 1021 813 Quod
1032 742 1175 800 Aristides
1187 758 1243 799 cum
1252 748 1306 796 au·

353 837 449 903 disset,
474 836 503 894 iu
530 836 694 895 concionem
720 853 826 913 magna
853 833 1052 911 expectatione
1071 833 1158 900 venit,
1182 830 1306 906 dixitqw

354 927 474 1004 perutile
490 944 551 984 esse
572 925 727 992 consilium,
747 924 825 1001 quod
839 923 1044 981 Themistocles
1065 922 1187 990 afferret,
1199 917 1245 980 'sed
1253 914 1304 976 ni‘

353 1017 428 1074 nime
442 1018 602 1076 honestum.
644 1017 747 1092 Itaque
767 1014 967 1081 Athenienses,
989 1014 1069 1091 quod
1089 1014 1238 1071 honestum
1251 1019 1307 1067 uon

353 1114 437 1175 esset,
445 1107 474 1165 id
484 1126 520 1166 ne
528 1107 597 1165 utile
606 1106 721 1183 quidem
729 1111 915 1182 putaverunt:
930 1110 1078 1181 totamque
1087 1110 1307 1179 eamrem,quun

305 1204 338 1255 le
354 1217 391 1255 nc
405 1198 553 1255 audierant
564 1196 687 1274 quidem,
697 1201 813 1253 auctore
822 1193 948 1251 Aristide
958 1194 1190 1271 repudiaverunt.
1217 1190 1310 1249 uelim

354 1288 391 1351 hi.
401 1306 487 1365 quam
497 1307 557 1355 nos,
568 1287 615 1364 qui
626 1286 733 1365 piratas
741 1285 891 1352 immunes,
903 1283 994 1341 socios
1007 1284 1165 1362 vectigales
1173 1284 1305 1342 habemus.

393 1467 461 1524 XII.
483 1466 598 1523 Maneat
608 1484 686 1544 ergo,
701 1464 779 1542 quod
793 1472 878 1542 turpe
893 1464 937 1532 sit,
952 1463 982 1521 id
996 1483 1144 1542 nunquam
1157 1483 1219 1524 esse
1231 1462 1304 1528 utile;

354 1562 468 1613 netum
487 1555 611 1631 quidem,
627 1575 693 1613 oum
714 1555 751 1622 id,
766 1555 846 1631 quod
866 1573 928 1612 esse
950 1554 1020 1611 utile
1044 1561 1141 1632 putes,
1155 1554 1302 1632 adipiscare.

354 1646 418 1703 Hoc
433 1646 507 1703 euim
517 1646 610 1724 ipsum
620 1646 690 1703 utile
701 1653 812 1724 putare,
824 1645 903 1722 quod
912 1652 997 1723 turpe
1006 1644 1051 1713 sit,
1063 1645 1303 1703 calamitosumest

322 1742 339 1793 2
354 1735 412 1793 Sed
426 1736 560 1804 incidunt,
576 1743 609 1793 ut
623 1755 710 1814 supra
724 1735 790 1803 dixi,
805 1754 883 1812 saepe
897 1754 999 1802 causae,
1015 1753 1081 1792 oum
1091 1753 1251 1813 repugnare
1262 1732 1306 1791 uti·

353 1826 418 1884 litas
432 1827 574 1885 honestati
587 1827 726 1894 videatur,
741 1833 774 1883 ut
787 1825 1070 1883 animadvertendum
1083 1824 1128 1893 sit,
1143 1830 1308 1903 repugnetne

322 1916 446 1994 3plane,
462 1935 499 1974 an
513 1917 604 1995 possit
618 1936 683 1974 oum
703 1916 853 1973 honestate
875 1916 1018 1993 conjungi.
1059 1915 1132 1993 Ejus
1151 1914 1310 1993 generisha

354 2014 422 2065 sunt
441 2008 630 2083 quaestiones:
653 2006 692 2073 si,
712 2005 836 2083 exempli
855 2005 955 2083 gratia,
971 2006 1120 2063 virbonus
1139 2005 1311 2063 Alexandrea

354 2095 490 2154 Rhodum
507 2115 644 2174 magnum
664 2096 798 2154 frumenti
818 2115 968 2153 numerum
988 2094 1138 2153 advexerit
1150 2096 1180 2153 iu
1194 2095 1312 2154 Rhodio

354 2205 418 2242 rum
439 2185 533 2263 iuopia
556 2193 585 2244 et
607 2187 681 2243 famo
704 2205 870 2262 summaque
894 2204 1013 2243 annonae
1037 2186 1173 2249 caritate:
1199 2187 1223 2245 si
1245 2186 1313 2244 idem

354 2274 434 2343 sciat,
449 2277 611 2353 complures
633 2284 804 2333 mercatores
826 2274 1009 2333 Alexandrea
1030 2276 1155 2344 solvisse,
1176 2294 1314 2353 navesque

353 2364 383 2423 in
397 2384 491 2433 cursu,
506 2366 648 2424 frumento
663 2372 786 2433 onustas
797 2372 928 2443 petentes
942 2365 1078 2425 Rhodum
1091 2366 1210 2425 viderit:
1231 2366 1315 2426 dicti·

354 2474 439 2512 rusne
454 2456 490 2513 sit
504 2456 534 2513 id
549 2455 678 2523 Rhodiis,
694 2475 730 2513 an
751 2457 861 2513 silentio
885 2476 969 2514 suum
983 2475 1069 2533 quam
1089 2457 1211 2534 plurimo
1226 2456 1315 2516 vendi·

321 2551 340 2602 4
354 2546 458 2604 turus?
500 2546 666 2624 Sapientem
681 2554 710 2604 et
724 2549 832 2606 bonum
846 2547 937 2604 virum
951 2537 1102 2625 fingimus:
1124 2547 1161 2605 de
1175 2548 1239 2626 ejus
1252 2548 1316 2605 deli·

355 2636 499 2694 beratione
513 2645 543 2694 et
564 2636 769 2694 consultatione
782 2637 944 2714 quaerimus,
960 2637 1009 2713 qui
1029 2637 1172 2695 celaturus
1194 2638 1316 2696 Rhodios

355 2745 412 2784 non
426 2727 470 2795 sit,
487 2727 510 2784 si
524 2727 552 2784 id
574 2735 659 2805 turpe
677 2727 795 2804 judicet,
818 2728 869 2784 sed
890 2727 1010 2795 dubitet,
1032 2746 1068 2784 au
1089 2735 1174 2805 turpe
1198 2747 1255 2786 non
1275 2729 1315 2786 sit.

323 2818 390 2876 5111
412 2817 578 2896 hujusmodi
597 2817 689 2876 causis
711 2817 789 2874 aliud
809 2817 932 2896 Diogeni
952 2817 1110 2895 Babylonio
1130 2818 1219 2876 videri
1240 2819 1315 2885 solet,

354 2927 459 2987 magno
474 2916 503 2967 et
516 2909 597 2988 gravi
611 2908 722 2967 Stoico:
745 2907 824 2964 aliud
843 2907 1005 2984 Antipatro,
1020 2907 1159 2985 discipulo
1180 2908 1250 2986 ejus,
1269 2910 1316 2966 ho

353 2999 424 3056 -mini
437 2999 608 3058 acutissimo.
651 2998 814 3076 Antipatr0,
830 2997 923 3055 omnia
937 2997 1141 3074 patefacienda,
1156 3005 1190 3055 ut
1203 3018 1239 3056 ne
1252 2997 1317 3075 quid

356 3090 477 3158 omnine,
493 3090 571 3166 quod
585 3089 715 3147 venditor
729 3087 810 3156 norit,
826 3094 939 3164 emptor
958 3087 1087 3165 ignoret3
1109 3088 1240 3167 Diogeni,
1254 3107 1316 3146 ven-

355 3179 483 3247 ditorem,
505 3186 646 3256 quatenus
671 3179 736 3256 jure
764 3177 837 3236 civili
864 3178 1050 3235 constitutum
1070 3177 1115 3245 sit,
1130 3179 1233 3257 'dicere
1254 3178 1318 3236 vitia

356 3275 495 3347 oportere,
511 3276 605 3326 cetera
619 3268 677 3326 sine
691 3268 796 3325 insidiis
810 3286 896 3346 agere
908 3287 915 3334 ;
936 3274 965 3325 et
976 3267 1109 3344 quoniam
1122 3268 1237 3337 vendat,
1249 3268 1317 3326 velle

324 3363 442 3434 tiquam
462 3358 569 3435 optime
583 3357 713 3415 vendere.
755 3358 877 3425 Aduexi,
893 3357 1018 3436 exposui,
1033 3357 1126 3415 vendo
1147 3377 1245 3416 mcum
1265 3377 1317 3416 non

356 3447 453 3525 pluris,
468 3466 555 3523 quam
577 3446 670 3514 ceteri,
692 3447 812 3523 fortasse
834 3448 920 3505 etiam
939 3447 1061 3515 minoris,
1084 3467 1150 3505 cum
1172 3448 1265 3526 major
1277 3454 1320 3506 eat

322 3537 340 3590 7
356 3536 452 3613 copia:
464 3537 509 3595 cui
520 3536 679 3614 ritinjuria‘l
700 3537 834 3595 Exoritur
841 3538 985 3615 Antipatri
994 3537 1065 3594 ratio
1072 3557 1108 3594 ex
1120 3537 1212 3596 altera
1221 3546 1317 3616 parte:

356 3625 432 3695 Quid
447 3625 510 3684 ais?
551 3628 602 3694 Tu,
618 3646 683 3684 oum
697 3626 859 3685 hominibus
880 3627 1025 3685 consulere
1047 3627 1160 3696 debeas,
1175 3634 1205 3685 et
1218 3629 1319 3686 servire

356 3718 488 3775 humanae
502 3716 638 3785 societati,
653 3735 743 3793 eaque
762 3716 827 3795 lege
847 3723 932 3774 natus
953 3717 999 3785 sis,
1015 3724 1044 3775 et
1063 3736 1098 3774 ea
1118 3719 1226 3776 habeas
1247 3719 1318 3796 prin·

357 3807 430 3885 cipia
443 3813 561 3874 naturae,
576 3807 678 3883 quibus
693 3825 800 3883 parere,
816 3813 846 3863 et
859 3826 925 3883 quae
945 3807 1025 3885 sequi
1039 3807 1152 3875 debeas
1168 3815 1201 3866 ut
1215 3809 1319 3866 utilitas

357 3906 407 3956 tua
421 3896 576 3954 communis
591 3897 630 3953 sit
641 3896 756 3963 utilitas
771 3896 951 3973 vicissimque
972 3897 1128 3955 communis
1142 3897 1251 3956 utilitas
1271 3904 1319 3955 tua

357 3988 411 4057 sit;
433 3987 537 4046 celabis
551 3985 687 4053 homines,
702 3984 771 4061 quid
784 3985 817 4044 iis
838 3985 913 4044 adsit
926 3987 1136 4046 commoditatis
1156 3995 1186 4046 et
1206 3985 1318 4067 copiari
