3259 4775
718 610 756 650 DE
770 609 900 652 omens

356 744 502 822 inquibus
522 741 678 800 deliberare
698 740 827 798 homines
848 747 878 798 et
902 738 1063 798 consultare
1084 737 1123 797 de
1142 738 1230 798 officio
1245 735 1296 796 sols

355 842 419 893 rent
427 854 435 903 ;
455 853 522 901 uno,
532 851 598 891 cum
612 821 784 898 dubitarent,
796 831 985 888 honestumne
998 827 1029 887 id
1044 835 1130 897 esset,
1140 828 1177 887 de
1186 847 1240 907 quo
1249 845 1297 907 nge

354 931 441 992 retur,
452 943 489 981 an
501 931 602 1001 turpe:
624 922 721 989 altero,
736 921 843 979 utilene
857 927 941 988 esset,
953 938 990 977 an
1003 918 1119 978 inutile:
1141 919 1231 986 tertio,
1243 915 1298 984 siid,

356 1014 434 1094 quod
449 1014 574 1093 speciem
594 1013 713 1071 haberet
733 1011 853 1078 honesti,
868 1016 1011 1089 pugnaret
1024 1029 1091 1068 cum
1106 1028 1150 1077 eo,
1165 1008 1240 1087 quod
1249 1006 1300 1068 nub

356 1106 508 1173 videretur,
524 1123 581 1182 quo
595 1102 682 1161 modo
694 1120 729 1160 ea
742 1101 864 1159 discerni
876 1107 1040 1178 oporteret:
1061 1099 1099 1157 de
1114 1098 1226 1158 duobus
1238 1115 1301 1178 gent·

355 1198 433 1255 ribus
448 1195 545 1274 primis
560 1194 652 1252 tribus
673 1192 750 1252 libris
771 1192 937 1269 explicavit:
959 1190 997 1248 de
1010 1190 1097 1249 tertio
1110 1196 1209 1247 autem
1222 1203 1301 1268 gem

357 1288 491 1363 deinceps
505 1305 536 1343 se
550 1284 662 1362 scripsit
676 1282 828 1349 dicturum,
843 1300 896 1339 nec
910 1281 1039 1348 exsolvit,
1054 1279 1135 1357 quod
1148 1280 1300 1358 promiserit

324 1386 341 1436 9
357 1377 441 1446 Quod
453 1395 486 1434 co
497 1375 589 1453 magis
597 1374 691 1441 miror,
700 1373 765 1450 quia
774 1361 939 1450 scriptuma
950 1371 1091 1450 discipulo
1099 1371 1164 1449 ejus
1172 1367 1301 1429 Posidonio

357 1474 409 1533 est,
424 1466 540 1543 triginta
561 1464 641 1521 annis
654 1464 757 1521 vixisse
770 1462 938 1530 Panaetium,
953 1469 1142 1540 posteaquam
1162 1461 1225 1520 illos
1237 1460 1303 1518 libros

307 1563 342 1614 10
357 1555 500 1614 edidisset.
542 1555 634 1622 Quem
654 1554 749 1612 locum
769 1554 857 1611 miror
870 1572 888 1610 a
901 1552 1053 1611 Posidonio
1068 1552 1196 1611 breviter
1209 1569 1263 1610 esse
1272 1556 1303 1607 ts·

356 1653 435 1705 ctum
447 1645 476 1702 in
485 1644 656 1721 quibusdam
669 1644 885 1711 commentariis,
896 1642 1053 1721 presertim
1063 1662 1132 1701 cum
1142 1642 1250 1709 scribat,
1258 1637 1304 1698 nul

308 1743 342 1795 ll
359 1737 419 1795 lum
434 1755 496 1793 esse
506 1735 601 1793 locum
611 1734 639 1791 in
650 1742 711 1791 tota
720 1734 901 1813 philosophia
912 1741 971 1791 tam
981 1733 1183 1791 necessarium.
1213 1730 1304 1790 Mutus

357 1846 424 1885 vero
439 1824 576 1884 assentior
590 1824 630 1892 iis,
646 1824 694 1902 qui
707 1831 822 1900 negant,
839 1842 905 1881 eum
925 1822 1021 1881 locum
1034 1841 1053 1880 a
1066 1823 1198 1882 Panaetio
1211 1826 1303 1901 preter·

356 1917 482 1984 missum,
493 1916 544 1975 scd
555 1916 683 1973 consulto
692 1913 830 1981 relictum,
842 1932 895 1971 nec
906 1914 1018 1971 omnino
1028 1912 1212 1971 scribendum
1222 1911 1303 1970 inisse:

307 2015 342 2067 12
358 2008 423 2085 quia
442 2024 586 2083 nunquam
607 2012 705 2082 posset
724 2003 831 2061 utilitas
845 2023 912 2062 cum
932 2004 1083 2061 honestate
1103 2021 1239 2082 pugnare.
1272 1999 1305 2058 Dc

358 2115 414 2173 quo
429 2095 551 2153 alterum
565 2101 661 2172 potest
675 2095 781 2151 habere
795 2093 1009 2162 dubitationem,
1021 2093 1250 2152 adhibendumne
1260 2092 1305 2149 fus

357 2188 394 2243 rit
417 2186 472 2243 hoc
494 2204 594 2263 genus,
620 2184 698 2261 quod
723 2184 751 2241 in
775 2184 911 2242 divisione
933 2183 1053 2242 Panaetii
1075 2183 1193 2242 tertium
1215 2190 1262 2251 cst,
1279 2197 1306 2238 sn

361 2276 444 2354 plane
459 2275 665 2333 omittendum:
687 2276 808 2333 alterum
822 2274 947 2333 dubitari
959 2293 1016 2333 non
1037 2281 1145 2352 potest,
1160 2273 1228 2352 quin
1238 2292 1254 2330 a
1265 2271 1306 2330 Pi·

308 2372 343 2425 13
358 2366 444 2424 metio
459 2372 625 2444 susceptum
639 2366 683 2434 sit,
699 2365 750 2424 sed
764 2365 903 2424 relictum.
945 2366 1021 2424 Nam
1035 2364 1085 2443 qui
1099 2383 1115 2424 e
1129 2364 1261 2424 divisione
1270 2359 1307 2421 tri·

360 2456 465 2534 pertita
479 2457 551 2514 duas
566 2462 662 2533 partes
676 2456 837 2524 absolverit,
851 2456 918 2514 huic
939 2475 1055 2514 necesse
1078 2463 1123 2514 est
1144 2463 1250 2515 restare
1265 2461 1308 2511 ts·

360 2547 436 2603 tiam.
458 2547 602 2603 Praeterea
612 2545 640 2602 in
651 2553 778 2605 extremo
792 2547 864 2604 libro
873 2547 956 2604 tertio
967 2546 1003 2604 dc
1016 2547 1072 2604 hac
1082 2553 1164 2624 parte
1179 2547 1309 2626 pollicetur

310 2642 344 2694 14
360 2655 390 2695 se
409 2635 543 2714 deinceps
565 2655 627 2693 esse
641 2636 793 2694 dicturum.
830 2637 953 2694 Accedit
968 2636 1069 2694 eodem
1089 2637 1171 2695 testis
1191 2635 1308 2713 locuples

358 2726 535 2796 Posidonius,
550 2726 599 2804 qui
613 2727 698 2784 etiem
713 2727 810 2784 scribit
824 2727 852 2784 in
866 2726 990 2803 quadam
1004 2727 1134 2805 epistola,
1143 2727 1178 2786 P.
1189 2726 1310 2786 Rutilium

360 2817 469 2875 Rufum
483 2817 576 2875 dicere
591 2818 690 2883 solere,
705 2817 754 2894 qui
768 2817 927 2874 Panaetium
941 2817 1077 2884 audierat,
1091 2824 1127 2875 ut
1138 2837 1224 2876 nemo
1236 2816 1310 2895 pictor
1334 2806 1337 2815 ¹

359 2915 435 2967 esset
449 2909 588 2975 inventus,
603 2908 652 2985 qui
668 2908 735 2965 00ae
749 2907 870 2965 Veneris
890 2927 953 2965 eam
973 2915 1093 2986 partem,
1108 2927 1196 2983 quam
1209 2904 1310 2986 Apelle
1341 2946 1343 2987 p

359 3000 519 3058 inchoatam
539 2998 704 3076 reliquisset,
721 2998 881 3055 absolveret
896 2995 964 3076 (oris
978 2997 1051 3055 enim
1066 2997 1250 3075 pulchritudo
1260 2992 1310 3053 reli·
1341 3002 1343 3055 t

359 3090 408 3167 qui
422 3092 548 3168 corporis
570 3089 699 3147 imitandi
713 3107 794 3166 spem
808 3085 969 3166 auferebat)
985 3087 1024 3146 sic
1038 3106 1081 3156 ea,
1096 3100 1161 3166 quar
1183 3085 1311 3147 Paratus

360 3181 583 3257 praetermisisset
597 3186 627 3235 et
640 3198 695 3235 non
710 3179 883 3256 perfecisset,
899 3185 1018 3255 propter
1031 3196 1141 3254 eorum,
1154 3198 1220 3256 quae
1234 3175 1308 3257 petie

362 3269 454 3336 cisset,
471 3268 665 3345 praestantiam
678 3270 820 3326 neminem
834 3287 895 3326 esse
910 3276 1100 3346 persecutum.

400 3447 456 3505 ΙΙΙ.
479 3448 573 3515 Quam
584 3446 621 3504 ob
636 3465 696 3503 rem
711 3446 748 3504 de
759 3448 867 3525 judicic
877 3448 996 3506 Panaetii
1006 3447 1130 3507 dubitari
1144 3468 1201 3507 non
1215 3457 1310 3528 potest:

360 3543 471 3594 rectene
485 3543 582 3593 autem
595 3536 668 3594 hanc
683 3538 795 3596 tertiam
809 3545 921 3616 partem
935 3538 973 3595 ad
984 3538 1190 3616 exquirendum
1206 3538 1311 3598 officim

332 3633 346 3683 Ζ
363 3626 533 3703 adjunxerit,
548 3646 584 3684 an
598 3646 688 3695 secus,
705 3628 741 3684 de
761 3648 795 3685 eo
816 3629 937 3686 fortasse
951 3628 1091 3706 disputari
1105 3636 1209 3706 potest.
1250 3628 1312 3689 Nau

361 3717 419 3774 sive
433 3718 585 3774 honestum
599 3718 692 3775 solum
706 3719 813 3775 bonum
829 3726 881 3787 est,
892 3727 926 3776 ut
937 3718 1039 3777 Stoicis
1054 3718 1166 3796 placet:
1180 3720 1240 3779 sive
1250 3712 1311 3797 quod

360 3808 511 3865 honestum
531 3814 583 3874 cst,
599 3807 628 3864 id
650 3808 691 3864 ita
713 3827 857 3865 summum
881 3810 987 3867 bonum
1010 3816 1062 3876 est,
1085 3809 1313 3886 quemadmodum

359 3896 556 3976 Peripateticis
566 3898 668 3955 vestris
676 3897 797 3965 videtur,
807 3907 841 3955 ut
849 3899 943 3956 omnia
953 3918 989 3956 ex
997 3899 1088 3956 altera
1095 3907 1178 3978 parte
1189 3900 1314 3959 collocor

360 3989 405 4048 vix
425 3987 531 4047 minimi
552 3988 688 4046 momenti
708 3987 798 4045 instar
819 3987 961 4046 habeant:
984 3988 1175 4048 dubitandum
1194 4010 1253 4050 non
1270 3991 1313 4053 0⁸11
