3259 4775
367 575 406 634 '10
776 592 814 630 uu
836 590 964 631 ornans

418 719 615 798 imperandum
630 719 714 798 deligi
734 720 840 787 solitos,
855 739 977 797 quorum
997 719 1033 778 de
1049 719 1165 798 justitia
1185 737 1295 798 magna
1313 723 1375 778 esu

417 810 511 889 opinio
524 810 719 868 multitudinis.
760 810 909 888 Adjunoto
922 828 999 878 vero,
1013 815 1047 867 ut
1058 809 1146 868 iidem
1160 810 1249 868 etium
1264 808 1374 887 pruden-

418 908 462 958 tes
475 900 656 967 haberentur,
671 900 739 958 nihil
753 907 823 967 erat,
838 899 917 976 quod
937 899 1065 957 homines
1085 900 1131 957 his
1149 900 1316 958 auctoribus
1327 915 1372 958 neu

386 996 502 1067 dposse
528 990 660 1067 consequi
684 1009 714 1047 se
738 990 949 1047 arbitrarentur.
991 989 1075 1048 Omni
1096 989 1186 1068 igitur
1209 989 1317 1048 ratione
1334 1006 1372 1048 eo·

419 1080 503 1139 lenda
516 1087 545 1137 ot
558 1079 705 1137 retinenda
716 1079 826 1156 justitia
839 1085 891 1147 est,
907 1087 967 1136 tum
980 1079 1042 1156 ipsa
1056 1098 1108 1156 per
1121 1097 1194 1147 sese,
1210 1077 1291 1158 (nam
1303 1078 1370 1136 aliter

416 1170 526 1249 justitia
538 1189 595 1228 non
613 1166 712 1247 esset)
727 1176 788 1226 tum
808 1175 927 1245 propter
946 1168 1195 1248 amplificationem
1216 1168 1328 1227 honoris
1346 1172 1369 1226 et

419 1260 526 1339 gloriae.

387 1438 403 1495 7
459 1437 516 1495 Sed
538 1444 571 1495 ut
592 1437 719 1514 pecuniae
740 1456 796 1495 non
818 1435 982 1516 quaerendae
1004 1436 1097 1498 solum
1119 1437 1192 1496 ratio
1212 1443 1267 1507 est,
1281 1454 1369 1501 verum

419 1526 504 1583 etiam
524 1526 706 1593 collocandae,
722 1546 787 1603 quae
807 1533 962 1604 perpetuos
981 1533 1114 1603 sumptus
1134 1527 1309 1606 suppeditet,
1327 1543 1370 1584 nec

418 1615 511 1672 solum
520 1615 698 1683 necessarios,
709 1616 759 1673 sed
768 1616 852 1673 etiam
860 1616 1006 1674 liberales:
1021 1615 1061 1673 sic
1074 1615 1166 1692 gloria
1176 1623 1206 1674 et
1218 1614 1371 1693 quaerenda

387 1712 448 1764 Set
456 1704 619 1763 collocanda
627 1705 734 1763 ratione
743 1712 794 1764 est.
822 1707 1002 1782 Quamquam
1010 1705 1148 1783 praeelare
1157 1706 1371 1774 Socraticabeno

419 1796 492 1854 viam
510 1795 547 1852 ad
568 1795 687 1873 gloriam
706 1796 863 1873 proximam
877 1802 906 1852 et
920 1794 1000 1871 quasi
1017 1794 1257 1871 compendiariam
1272 1795 1372 1854 dicebt

419 1905 489 1954 esse,
512 1885 535 1943 si
555 1886 617 1963 quis
638 1885 666 1942 id
688 1892 795 1963 ageret,
814 1890 856 1953 ut,
871 1884 961 1961 qualis
980 1884 1079 1942 haberi
1097 1884 1192 1953 vellet,
1213 1885 1281 1943 talis
1299 1889 1372 1944 asa

386 1976 503 2045 9Quod
526 1976 550 2033 si
570 1976 618 2052 qui
640 1975 817 2032 simulatione
837 1980 867 2031 et
887 1974 961 2032 inani
981 1975 1169 2032 ostentatione
1189 1982 1219 2033 et
1239 1976 1308 2034 ficto
1325 1993 1374 2034 nou
1398 2029 1400 2036 .

418 2065 503 2122 modo
517 2083 652 2131 sermone,
665 2065 716 2122 sed
731 2065 815 2122 etiam
826 2064 915 2130 vultu,
928 2064 1058 2122 stabilem
1069 2084 1099 2122 sa
1113 2065 1234 2143 gloriam
1250 2063 1374 2143 consequi

368 2160 404 2213 10
418 2172 502 2231 posse
521 2160 627 2221 rentur,
643 2154 825 2212 vehementer
845 2160 948 2212 errant.
989 2154 1067 2212 Vera
1085 2153 1176 2233 gloria
1188 2155 1300 2214 radices
1312 2154 1373 2234 ugit,

418 2249 503 2319 atque
517 2243 602 2300 etiam
621 2250 814 2322 propagatur;
837 2244 903 2302 ficta
921 2244 1014 2301 omnia
1030 2244 1157 2302 celeriter
1170 2252 1320 2322 tamquam
1331 2245 1375 2303 ilo·

418 2332 489 2391 sculi
503 2332 645 2401 decidunt,
660 2352 712 2391 nec
726 2333 890 2391 simulatum
910 2340 1005 2411 potest
1018 2332 1170 2411 quicquam
1191 2352 1255 2393 esse
1274 2334 1376 2394 diutur-
1396 2335 1401 2352 '

368 2428 401 2480 ll
417 2442 494 2480 num.
528 2425 627 2482 Testes
641 2429 707 2480 sunt
721 2423 855 2500 permulti
871 2424 900 2480 in
913 2429 1062 2500 utramque
1076 2431 1204 2501 partem:
1225 2425 1279 2483 sed
1293 2425 1377 2484 breri-

368 2518 402 2570 12
417 2513 483 2570 tatis
497 2532 582 2570 causa
595 2513 699 2570 familia
714 2513 837 2570 contenti
854 2513 958 2570 erimus
978 2532 1042 2571 una.
1085 2513 1125 2571 Ti.
1137 2513 1212 2571 enim
1223 2515 1377 2582 Gracchus,
1414 2538 1415 2543 ¹

417 2601 450 2659 P.
465 2602 506 2668 F,
522 2610 581 2660 tam
596 2602 644 2659 diu
657 2601 827 2669 laudabitur,
843 2602 913 2659 dum
930 2602 1065 2660 memoria
1079 2622 1174 2660 rerum
1188 2603 1378 2663 &manarum

416 2692 549 2750 manebit.
590 2691 632 2748 At
646 2692 707 2768 ejus
720 2691 769 2748 filii
781 2710 834 2748 nec
848 2691 903 2749 vivi
917 2693 1110 2769 probabantur
1123 2692 1213 2762 bonis,
1227 2699 1260 2751 et
1279 2692 1379 2753 mortui

418 2800 566 2839 numerum
580 2781 707 2838 obtinent
718 2781 781 2858 jura
796 2799 941 2839 eaesorum.

456 2964 539 3021 XIII.
562 2961 617 3031 Qui
627 2960 714 3038 igitur
723 2959 841 3038 adipisci
851 2978 946 3017 veram
960 2961 1079 3039 gloriam
1089 2960 1174 3029 volet,
1184 2961 1309 3040 justitiae
1318 2963 1379 3021 fun·

418 3060 503 3131 gatur
516 3053 619 3110 officiis.
661 3051 704 3107 Ea
717 3069 781 3126 quae
797 3056 899 3118 essent,
914 3049 1023 3107 dictum
1037 3057 1081 3108 est
1098 3050 1127 3108 in
1140 3051 1213 3109 libro
1226 3053 1379 3130 superiora

386 3149 403 3201 2
419 3142 485 3210 Sed,
500 3148 533 3199 ut
547 3141 685 3206 facillime,
697 3139 794 3216 quales
808 3139 904 3207 simus,
915 3139 987 3197 tales
1001 3158 1063 3197 esse
1073 3139 1228 3209 videamur,
1240 3142 1297 3200 etsi
1310 3143 1339 3201 in
1348 3160 1381 3201 eo

417 3232 479 3308 ipso
493 3231 535 3286 vis
556 3229 677 3286 maxima
694 3235 746 3295 est,
762 3235 794 3286 ut
816 3229 903 3286 simus
921 3229 947 3296 ii,
962 3229 1011 3305 qui
1030 3229 1128 3287 haberi
1141 3230 1271 3299 velimus,
1287 3238 1381 3290 tamen

386 3318 551 3397 3quaedam
574 3323 720 3395 praecepta
744 3317 839 3376 danda
862 3327 936 3377 sunt.
977 3319 1054 3376 Nam
1074 3319 1098 3376 si
1122 3319 1185 3396 quis
1209 3321 1246 3378 ab
1268 3321 1382 3380 ineunte

419 3413 504 3466 aetate
517 3407 605 3464 habet
616 3423 730 3463 causam
742 3408 911 3466 celebritatis
925 3415 955 3466 et
967 3409 1094 3477 nominis,
1110 3416 1160 3466 aut
1173 3428 1191 3466 a
1205 3415 1289 3487 patre
1303 3430 1381 3471 acce·

419 3502 499 3573 ptam
509 3492 596 3572 (quod
607 3494 665 3561 tibi,
677 3494 716 3551 mi
727 3495 833 3564 Cicero,
843 3497 963 3555 arbitror
973 3495 1136 3576 contigisse)
1147 3505 1197 3556 aut
1207 3499 1305 3576 aliquo
1315 3520 1382 3559 cusu

419 3593 504 3662 atque
524 3585 656 3643 fortuna:
676 3584 706 3642 in
723 3586 798 3643 hunc
818 3587 891 3644 oculi
905 3586 1029 3644 omnium
1043 3588 1238 3666 conjiciuntur,
1252 3597 1343 3669 atque
1355 3587 1391 3651 in¹

419 3694 492 3740 eum,
505 3674 572 3750 quid
581 3681 657 3751 agat,
669 3674 911 3751 quemadmodum
921 3676 1005 3742 vivat,
1016 3676 1179 3753 inquiritur:
1194 3685 1223 3736 et
1233 3685 1384 3757 tamquam

419 3763 448 3821 in
461 3763 612 3820 clarissima
631 3764 695 3821 luce
709 3770 845 3830 versetur,
861 3765 900 3820 ita
918 3764 1028 3821 nullum
1046 3766 1199 3824 obscurum
1218 3774 1318 3845 potest
1331 3789 1384 3828 neo

387 3852 527 3910 tdictum
549 3851 611 3928 ejus
633 3870 694 3908 esse
714 3872 766 3911 nec
787 3853 904 3911 factum.
945 3855 1073 3922 Quorum
1087 3862 1183 3914 autem
1201 3857 1297 3933 prima
1311 3866 1383 3919 aetas

420 3949 539 4022 propter
552 3940 740 4001 humilitatem
751 3949 780 4001 et
794 3942 995 4003 obscuritatem
1007 3944 1036 4002 in
1049 3945 1193 4004 hominum
1204 3946 1383 4025 ignoratIono
