3259 4775
319 571 369 630 10·
384 583 401 606 ··
734 589 772 626 nn
793 588 922 628 oacrcns

369 718 467 797 pediti,
482 738 555 796 quos
574 717 647 776 tueri
667 717 781 786 debent,
797 717 941 776 deserunt.
983 718 1085 795 Itaque
1104 737 1153 775 cos
1175 717 1263 776 need
1278 737 1337 777 rem

294 853 298 860 .
370 809 514 887 publicam
538 827 702 867 accessuros
722 808 838 886 quidem
862 814 954 887 putat,
975 807 1028 865 nisi
1048 815 1171 866 coactos.
1213 809 1338 886 AEquius

368 906 465 957 autem
484 906 554 967 erat,
569 898 599 956 id
620 898 767 956 voluntate
786 899 854 957 fieri.
897 898 973 956 Nam
986 900 1041 957 hoc
1061 898 1156 977 ipsum
1175 898 1216 956 ita
1226 899 1339 978 justum

336 997 353 1049 5
369 996 421 1058 est,
436 989 514 1066 quod
534 997 612 1047 recte
632 989 673 1057 fit,
688 989 711 1046 si
725 996 769 1046 est
782 988 980 1047 voluntarium.
1023 989 1098 1046 Sunt
1117 988 1211 1057 etiam,
1225 989 1275 1067 qui
1288 997 1339 1047 aut

303 1107 313 1130 ι
368 1078 463 1137 studio
490 1078 530 1136 rei
553 1079 698 1137 familiaris
727 1078 853 1147 tuendae,
875 1086 926 1136 aut
947 1078 1013 1136 odio
1035 1080 1159 1157 quodam
1180 1079 1337 1148 bominum,

367 1188 451 1227 suum
465 1188 496 1227 se
510 1169 656 1248 negotium
669 1188 755 1248 agere
769 1169 874 1237 dicant,
886 1187 922 1227 ne
935 1169 1029 1227 facere
1043 1169 1175 1247 cuiquam
1188 1170 1338 1228 videantur

367 1258 513 1337 injuriam:
534 1260 583 1336 qui
597 1260 687 1317 altero
707 1278 811 1338 genere
825 1259 972 1337 injustitiae
986 1266 1098 1327 vacant,
1112 1260 1141 1317 in
1160 1261 1282 1318 alterum
1295 1260 1337 1318 in·

369 1356 492 1407 currunt.
535 1350 677 1407 Deserunt
700 1348 773 1407 enim
798 1349 864 1407 vitoe
890 1349 1062 1417 societatem,
1084 1350 1150 1428 quia
1173 1350 1242 1408 nihil
1271 1370 1337 1410 con-

367 1438 463 1497 ferunt
476 1440 505 1496 in
519 1458 582 1497 eam
595 1439 688 1506 studii,
703 1439 771 1496 nihil
786 1458 889 1516 operoe,
904 1439 972 1497 nihil
985 1439 1164 1498 facultatum.

336 1535 353 1584 a
409 1528 529 1598 Quando
543 1529 629 1607 igitur
643 1529 755 1587 duobus
775 1529 927 1608 generibus
947 1530 1090 1608 injustitiae
1111 1530 1271 1608 propositis
1287 1531 1337 1589 ad-

365 1617 510 1695 junximus
524 1638 624 1677 causas
637 1619 785 1697 utriusque
798 1619 918 1697 generis,
934 1639 1038 1698 easque
1052 1639 1096 1678 res
1110 1627 1176 1678 ante
1190 1622 1336 1680 constitui-

367 1728 440 1777 mus,
468 1709 572 1786 quibus
597 1709 708 1788 justitia
736 1710 942 1769 contineretur:
970 1711 1061 1779 facile,
1089 1711 1169 1788 quod
1197 1712 1337 1791 cujusque

369 1800 503 1878 temporis
517 1800 640 1858 officium
654 1800 699 1868 sit,
715 1799 880 1878 poterimus,
895 1800 947 1858 nisi
960 1801 1148 1879 nosmetipsos
1162 1801 1245 1860 valde
1259 1821 1336 1861 ama-

337 1888 352 1946 7
368 1890 469 1959 bimus,
482 1890 619 1969 judicare.
661 1891 714 1949 Est
734 1892 809 1950 enim
832 1890 950 1949 difficilis
971 1910 1039 1951 cura
1059 1910 1153 1950 rerum
1173 1891 1335 1953 alienarum

371 1980 749 2070 Quamquatherentianus
763 1981 809 2038 ille
825 1963 1097 2039 Chremelbumani-
1107 1982 1175 2039 nihil
1188 2001 1206 2039 a
1220 2001 1250 2040 se
1270 1983 1335 2042 alie·

367 2091 435 2128 num
447 2077 539 2148 putat.
581 2069 640 2127 Sed
654 2077 750 2127 tamen
761 2070 827 2147 quia
840 2071 933 2149 magis
944 2090 978 2129 ea
989 2071 1160 2149 percipimus
1174 2079 1260 2149 atque
1274 2092 1336 2131 sen·

368 2161 461 2227 timus,
483 2177 548 2235 quae
569 2159 651 2217 nobis
672 2159 740 2237 ipsis
760 2166 811 2217 aut
832 2180 969 2239 prospera
989 2168 1039 2220 aut
1052 2162 1171 2220 adversa
1195 2163 1336 2232 eveniunt,

367 2269 453 2327 quam
471 2249 527 2317 illa,
548 2268 613 2326 quae
636 2250 742 2318 ceteris,
764 2269 830 2327 quoe
857 2251 939 2328 quasi
961 2250 1048 2330 longo
1074 2252 1221 2310 intervallo
1250 2253 1337 2311 inter·

336 2348 352 2400 8
364 2342 442 2420 jecto
458 2339 603 2398 videmus:
626 2340 708 2399 aliter
722 2340 758 2399 de
772 2340 881 2409 illisae
895 2341 932 2400 de
946 2342 1035 2411 nobis,
1048 2341 1217 2421 judicamus
1259 2344 1336 2414 Quo·

368 2432 441 2490 eirca
469 2431 540 2490 bene
565 2431 750 2508 praecipiunt,
772 2431 821 2509 qui
844 2438 942 2490 vetant
965 2433 1116 2511 quicquam
1140 2452 1233 2513 agere,
1257 2435 1336 2512 quod

368 2520 480 2579 dubites
499 2539 613 2597 aequum
627 2520 671 2589 sit,
686 2541 723 2578 an
742 2521 878 2599 iniquum.
931 2523 1066 2600 AEquitas
1086 2524 1161 2582 enim
1177 2524 1254 2582 lucet
1272 2526 1337 2603 ipsa

368 2630 420 2690 per
434 2630 473 2678 se,
489 2610 629 2669 dubitatio
644 2611 845 2690 cogitationem
859 2612 997 2691 significat
1010 2613 1130 2692 injuriae.

406 2788 442 2851 X.
463 2791 522 2850 Sed
549 2792 676 2850 incidunt
706 2811 783 2870 saepe
811 2800 950 2871 tempora,
972 2814 1037 2853 cum
1062 2814 1191 2873 eaquae
1214 2797 1336 2856 maxime

367 2883 498 2941 videntur
512 2882 599 2961 digna
613 2902 676 2941 esse
688 2883 767 2960 justo
781 2883 902 2951 homine,
914 2903 1013 2962 eoque,
1025 2904 1110 2963 quem
1124 2886 1214 2944 virum
1228 2888 1336 2947 bonum

368 2974 496 3041 dicimus
512 2981 722 3033 commutantur
742 2974 869 3051 fiuntque
893 2976 1042 3043 contraria,
1057 2985 1090 3033 ut
1110 2976 1231 3036 reddere
1248 2978 1335 3056 depo-

368 3065 462 3132 situm,
476 3065 569 3123 facere
584 3064 771 3142 promissum:
793 3083 916 3143 quaeque
931 3065 1072 3143 pertinent
1086 3067 1123 3124 ad
1137 3067 1284 3125 veritatem
1306 3075 1336 3126 et

336 3161 352 3211 2
367 3155 404 3212 ad
415 3154 509 3222 fidem,
521 3174 555 3212 ea
564 3157 685 3232 migrare
696 3155 840 3212 interdum
854 3163 884 3213 et
896 3175 953 3213 non
967 3175 1079 3215 servare
1089 3158 1122 3215 fit
1132 3157 1250 3235 justum.
1279 3159 1335 3216 Re-

356 3245 433 3302 ·ferri
444 3244 517 3302 enim
528 3244 611 3301 decet
621 3244 659 3300 ad
673 3263 790 3320 eaquae
804 3246 887 3320 posui
904 3246 1048 3324 principio,
1059 3247 1245 3306 fundamenta
1252 3248 1335 3326 justi-

367 3335 438 3392 tiae:
461 3333 592 3411 primum,
604 3341 637 3389 ut
650 3352 685 3390 ne
700 3333 746 3390 cui
759 3340 895 3391 noceatur
903 3355 911 3403 ;
933 3334 1044 3404 deinde,
1058 3344 1092 3394 ut
1106 3339 1248 3395 communi
1262 3339 1336 3395 utili·

335 3431 352 3482 3
367 3424 420 3481 tati
437 3422 582 3480 serviatur.
625 3422 667 3479 Ea
682 3442 747 3481 oum
761 3429 890 3502 tempore
911 3433 1130 3495 commutantur,
1146 3435 1336 3485 commutatur

368 3514 500 3580 officium,
522 3520 551 3570 et
574 3531 631 3570 non
655 3532 767 3590 semper
791 3522 836 3572 est
859 3514 944 3572 idem.
985 3517 1086 3575 Potest
1110 3518 1185 3575 enim
1208 3518 1336 3576 accidere

368 3603 538 3681 promissum
550 3602 665 3679 aliquod
676 3610 705 3661 ot
720 3612 900 3674 conventum,
910 3613 942 3662 ut
956 3606 985 3664 id
1000 3607 1071 3665 effici
1085 3608 1122 3666 sit
1134 3607 1232 3665 inutile
1242 3609 1287 3665 vel
1301 3607 1335 3675 ei,

339 3693 413 3751 tcui
436 3693 606 3769 promissum
631 3693 674 3761 sit,
695 3693 740 3751 vel
766 3695 799 3762 oi,
821 3696 870 3773 qui
894 3697 1062 3773 promiserit.
1104 3697 1180 3755 Nam
1203 3698 1235 3764 si,
1250 3706 1284 3755 ut
1308 3698 1336 3756 in

368 3784 470 3841 fabulis
485 3791 536 3851 est,
551 3784 714 3862 Neptunus,
729 3786 806 3861 quod
827 3787 937 3844 Theseo
953 3788 1129 3864 promiserat,
1144 3807 1200 3845 non
1214 3788 1336 3855 fecisset,

366 3873 493 3935 Theseus
508 3873 667 3952 Hippolyto
680 3874 737 3931 filio
757 3895 814 3933 non
835 3882 910 3934 esset
931 3878 1057 3935 orbatus.
1098 3878 1143 3934 Ex
1157 3879 1248 3936 tribus
1262 3878 1335 3936 enim

366 3966 481 4049 optatis,
503 3972 536 4022 ut
556 3964 695 4031 scribitur,
716 3965 771 4023 hoc
796 3977 857 4023 erat
879 3967 1002 4034 tertium,
1024 3967 1102 4047 quod
1127 3968 1163 4025 de
1183 3966 1334 4045 Hippolyti
