3259 4775
304 594 341 646 al
717 604 755 642 ns
776 601 907 644 orrrcns

323 745 340 795 5
355 734 449 793 Malus
463 734 538 793 enim
551 740 596 792 est
609 739 705 792 custos
719 732 911 792 diutmnitatis
924 740 1027 802 metus,
1042 740 1202 812 contraque
1217 733 1317 794 beniro

322 832 339 883 6
353 824 439 883 lentie
452 824 542 882 fidelis
555 824 601 882 vel
614 823 652 881 ad
666 824 896 901 perpetuitatem
937 823 997 882 Sed
1010 824 1052 894 iis,
1067 824 1118 902 qui
1133 826 1162 882 vi
1175 841 1314 903 opprwoe

354 915 473 993 imperio
494 922 633 982 coercent,
649 915 685 974 sit
699 933 766 972 sane
788 914 951 973 adhibenda
972 915 1092 983 saevitia,
1107 923 1143 974 ut
1157 916 1231 974 heris
1243 915 1309 974 infr·

322 1005 339 1063 'l
353 1006 455 1074 mulos,
471 1006 495 1063 si
508 1006 591 1063 aliter
608 1005 696 1063 teneri
716 1024 772 1063 non
792 1012 922 1083 possunt.
963 1005 1019 1074 Qui
1032 1005 1145 1064 veroin
1158 1006 1245 1065 libera
1256 1003 1305 1064 ciri·

354 1102 415 1154 tate
429 1096 469 1154 ita
483 1115 513 1154 sc
527 1096 679 1164 instruunt,
694 1103 728 1153 ut
740 1102 913 1164 metuantur,
928 1095 973 1154 his
986 1095 1055 1154 nihil
1076 1102 1175 1174 potest
1193 1114 1251 1156 esse
1269 1095 1302 1156 b

322 1193 339 1244 8
354 1187 483 1246 mentius.
526 1187 661 1256 Quamvis
674 1186 748 1244 enim
762 1186 818 1243 sint
832 1185 969 1244 demersa
982 1186 1063 1265 leges
1077 1186 1198 1265 alicujus
1211 1187 1297 1265 opitu,

353 1278 482 1354 quamvis
505 1278 648 1336 timefacta
670 1276 794 1343 libertae,
810 1283 963 1355 emergunt
975 1283 1073 1335 umen
1086 1279 1153 1336 haec
1173 1275 1297 1355 aliquando

321 1373 339 1424 o
354 1375 405 1425 aut
416 1368 528 1445 judiciis
542 1368 642 1435 tacitis,
655 1374 705 1423 aut
716 1367 834 1425 occultis
845 1367 880 1424 de
891 1367 998 1425 honore
1009 1367 1160 1447 suffragiis.
1189 1366 1294 1426 Acrior!

355 1464 453 1515 autem
478 1477 589 1515 morsus
616 1464 683 1514 sunt
709 1458 875 1516 intermissae
904 1457 1049 1526 libertatis,
1078 1477 1165 1536 quam
1195 1461 1292 1516 mam

305 1551 340 1603 10
355 1546 439 1615 Quod
453 1547 539 1624 igitur
560 1546 695 1605 latissime
716 1554 804 1625 patet,
819 1566 911 1624 neque
925 1548 963 1606 ad
976 1548 1200 1607 incolumitatem
1217 1547 1292 1612 solun.

354 1636 508 1693 sedetiam
530 1636 568 1694 ad
588 1656 658 1715 opes
679 1645 708 1695 et
728 1638 886 1715 potentiam
899 1638 976 1696 valet
996 1637 1159 1716 plurimum,
1172 1638 1202 1696 id
1213 1633 1292 1714 ample

353 1739 473 1796 ctannrr,
488 1734 521 1784 ut
534 1734 628 1785 metus
642 1728 724 1796 absit,
739 1728 843 1786 caritas
856 1729 1027 1786 retineatur:
1048 1729 1089 1786 ita
1102 1728 1236 1795 facillime,
1248 1741 1291 1805 qu!

354 1818 490 1886 volemus,
505 1826 535 1877 et
549 1818 665 1896 privatis
679 1818 707 1875 in
720 1820 815 1887 rebus,
831 1818 902 1876 etin
921 1837 952 1876 re
974 1818 1089 1896 publica
1111 1831 1292 1896 censequenu.

305 1913 337 1966 ll
353 1907 474 1977 Etenim,
497 1909 545 1986 qui
567 1928 597 1966 se
619 1909 708 1967 metui
727 1909 831 1977 volent,
853 1928 871 1965 a
892 1910 994 1987 quibus
1016 1916 1188 1977 metuantur,
1207 1905 1314 1988 eosdm¹

305 2003 339 2055 12
354 2006 483 2056 metuant
496 1999 549 2076 ipsi
568 2018 683 2057 necesse
704 2005 756 2057 est.
799 1999 876 2069 Quid
889 1999 964 2057 enim
978 2018 1136 2068 censemus,
1151 1997 1295 2077 superiora

353 2088 433 2145 illum
447 2088 623 2166 Dionysium,
639 2109 695 2165 quo
714 2090 843 2147 cruciatu
856 2089 963 2148 timoris
983 2089 1051 2167 angi
1064 2090 1188 2158 solitum,
1201 2087 1244 2166 qui
1253 2081 1296 2144 cll·

357 2188 415 2237 tros
429 2186 559 2236 metucns
572 2180 719 2247 tonsorios,
730 2179 870 2238 candente
884 2180 1006 2239 carbone
1020 2180 1074 2238 sibi
1083 2179 1220 2238 adurebat
1232 2171 1296 2252 capl-

305 2278 339 2330 13
354 2270 437 2328 lum?
459 2269 558 2338 Quid?
579 2270 776 2327 Alexandrum
785 2271 1018 2347 Pheraeumquc
1032 2259 1298 2328 animovixisseull·

353 2360 484 2419 tramur‘l
506 2360 563 2437 qui,
578 2366 611 2417 ut
624 2360 761 2438 scriptum
780 2360 911 2439 legimus,
927 2380 993 2420 cum
1013 2379 1132 2419 uxorem
1145 2360 1251 2419 Theben
1259 2349 1299 2413 td·

353 2451 471 2509 modum
493 2450 631 2528 diligeret,
646 2458 741 2508 tamen
762 2452 799 2509 ad
820 2471 884 2510 eam
903 2471 938 2510 ex
952 2452 1044 2529 epulis
1057 2452 1086 2510 in
1100 2450 1253 2510 cubiculum
1261 2460 1299 2503 lt·

354 2542 441 2609 nienS,
457 2541 617 2608 barbarum,
633 2547 662 2598 et
676 2561 742 2598 eum
760 2542 884 2619 quidem,
906 2550 939 2600 ut
960 2543 1099 2620 scriptum
1120 2549 1173 2611 est,
1188 2552 1302 2617 compun-

354 2640 433 2690 ctum
453 2631 527 2688 notis
549 2631 683 2698 Thraciis
698 2632 834 2690 destricto
854 2633 951 2710 gladio
971 2632 1093 2711 jubebat
1106 2633 1226 2691 anteire:
1243 2640 1302 2706 pm·

354 2722 541 2798 mittebatque
549 2722 585 2779 de
595 2722 776 2799 stipatoribus
791 2724 858 2791 suis,
869 2723 918 2800 qui
931 2730 1125 2781 scrutarentur
1138 2722 1241 2782 arculas
1251 2732 1303 2775 1111·

353 2814 462 2880 liebres,
480 2818 517 2879 et,
533 2832 568 2869 ne
584 2813 661 2889 quod
675 2813 703 2870 in
717 2813 890 2871 vestimentis
910 2814 1001 2871 telum
1015 2802 1211 2881 occultaretur,
1225 2802 1304 2884 exqtl·

304 2910 340 2962 14
354 2910 456 2962 rerent.
489 2903 668 2970 Omiseram,
678 2904 727 2980 qui
740 2903 896 2963 fideliorem
906 2910 936 2961 et
945 2903 1098 2962 barbarum
1110 2909 1140 2961 et
1153 2896 1306 2981 stigmam

354 3002 574 3074 putaret,quam
589 2994 759 3071 conjugem!
788 2993 851 3052 Nec
866 3012 932 3051 cum
946 2993 1053 3052 fefellit.
1088 2984 1306 3052 Abeaesterim

306 3092 340 3145 15
355 3086 416 3163 ipsa
427 3093 544 3163 propter
554 3085 702 3162 pellicatus
713 3084 901 3161 suspicionem
914 3084 1088 3142 interfectus
1120 3084 1151 3142 N
1151 3103 1183 3142 ec
1191 3072 1307 3141 veroullss

355 3176 396 3232 vis
409 3175 518 3253 imperii
539 3181 619 3231 tanta
642 3182 693 3241 est,
714 3193 787 3251 quac,
803 3181 950 3251 premente
969 3182 1057 3241 metu,
1073 3174 1165 3252 possit
1184 3190 1241 3232 csse
1253 3164 1307 3225 liu·

308 3272 341 3322 lo
356 3272 447 3322 turna.
489 3264 579 3321 Testis
599 3270 643 3320 est
662 3265 801 3332 Phalaris
818 3266 900 3342 cujus
915 3273 960 3323 est
973 3273 1080 3343 praeter
1098 3271 1207 3323 ceteros
1224 3250 1307 3320 nobffi'

356 3361 416 3411 tata
430 3351 595 3411 crudelitas:
618 3353 735 3429 quinon
749 3375 784 3412 ex
798 3354 903 3413 insidiis
917 3355 1030 3423 interiit,
1044 3361 1078 3412 ut
1091 3355 1124 3422 ie,
1140 3373 1224 3432 quem
1236 3342 1306 3410 moll⁰

356 3444 421 3509 dixi,
436 3441 608 3509 Alexander,
623 3461 679 3499 non
693 3463 710 3500 a
724 3445 831 3521 paucis,
841 3453 875 3502 ut
885 3445 930 3503 hic
941 3451 1046 3512 noster,
1056 3445 1108 3503 sed
1122 3445 1247 3522 inquem
1256 3430 1304 3496 1115·

310 3536 340 3592 17
357 3550 438 3591 versa
452 3532 704 3611 Agrigentinorum
720 3536 874 3593 multitudo
887 3536 1028 3614 impetum
1037 3535 1113 3594 fecit.
1147 3534 1240 3604 Quidl
1256 3526 1304 3587 ll*

357 3623 476 3682 cedones
487 3642 578 3681 nonne
590 3624 767 3683 Demetrium
781 3627 964 3703 reliquerunt,
973 3625 1153 3703 universique
1164 3644 1195 3683 se
1206 3620 1305 3699 2de

356 3715 439 3771 rhum
451 3714 650 3772 contulerunt?
673 3716 771 3785 Quid?
787 3717 1025 3774 'Lacedaemonios
1037 3716 1143 3794 injuste
1153 3715 1307 3794 imperante

356 3822 447 3862 nonne
469 3812 585 3881 repente
607 3825 704 3863 omnes
724 3807 784 3864 fere
798 3807 866 3865 socii
880 3807 1074 3872 deseruerunt,
1091 3814 1309 3883 spectatoresque

356 3913 387 3953 se
397 3893 502 3953 otiosos
512 3895 698 3972 praebuerunt
707 3896 864 3954 Leuctricae
875 3896 1065 3955 calamitatis?
1100 3896 1188 3955 VIII.
1203 3896 1314 3955 Externa

325 3991 342 4044 2
356 3985 487 4046 libentius
499 3985 528 4044 in
541 3985 591 4044 tali
604 4005 642 4054 re,
658 4006 743 4063 quam
757 3987 921 4056 domestica,
936 3987 1078 4047 recordor.
1109 3986 1316 4055 Venmumr.
