<?xml version="1.0" encoding="UTF-8"?>
<!DOCTYPE html PUBLIC "-//W3C//DTD XHTML 1.0 Transitional//EN"
    "http://www.w3.org/TR/xhtml1/DTD/xhtml1-transitional.dtd">
<html xmlns="http://www.w3.org/1999/xhtml" xml:lang="en" lang="en">
 <head>
  <title>
</title>
<meta http-equiv="Content-Type" content="text/html;charset=utf-8" />
  <meta name='ocr-system' content='tesseract 3.04.00' />
  <meta name='ocr-capabilities' content='ocr_page ocr_carea ocr_par ocr_line ocrx_word'/>
</head>
<body>
  <div class='ocr_page' id='page_1' title='image "./mtulliiciceroni00thacgoog_0079.png"; bbox 0 0 3259 4775; ppageno 0'>
   <div class='ocr_carea' id='block_1_1' title="bbox 613 582 1275 646">
    <p class='ocr_par' dir='ltr' id='par_1_1' title="bbox 613 582 1275 646">
     <span class='ocr_line' id='line_1_1' title="bbox 613 582 1275 646; baseline -0.006 0"><span class='ocrx_word' id='word_1_1' title='bbox 613 605 700 646; x_wconf 81' lang='lat' dir='ltr'>uana</span> <span class='ocrx_word' id='word_1_2' title='bbox 712 605 745 645; x_wconf 90' lang='lat' dir='ltr'>rr.</span> <span class='ocrx_word' id='word_1_3' title='bbox 787 603 853 646; x_wconf 78' lang='lat' dir='ltr'>ose.</span> <span class='ocrx_word' id='word_1_4' title='bbox 869 603 927 643; x_wconf 80' lang='lat' dir='ltr'>xrr.</span> <span class='ocrx_word' id='word_1_5' title='bbox 1240 582 1275 642; x_wconf 80' lang='lat' dir='ltr'>l‘l</span> 
     </span>
    </p>
   </div>
   <div class='ocr_carea' id='block_1_2' title="bbox 251 735 1224 1066">
    <p class='ocr_par' dir='ltr' id='par_1_2' title="bbox 251 735 1224 1066">
     <span class='ocr_line' id='line_1_2' title="bbox 251 735 1224 813; baseline -0.005 -21"><span class='ocrx_word' id='word_1_6' title='bbox 251 744 400 806; x_wconf 77' lang='lat' dir='ltr'>versatur,</span> <span class='ocrx_word' id='word_1_7' title='bbox 414 737 442 805; x_wconf 93' lang='lat' dir='ltr'>ii,</span> <span class='ocrx_word' id='word_1_8' title='bbox 456 736 575 794; x_wconf 89' lang='lat' dir='ltr'>simulac</span> <span class='ocrx_word' id='word_1_9' title='bbox 592 735 712 813; x_wconf 88' lang='lat' dir='ltr'>juvenes</span> <span class='ocrx_word' id='word_1_10' title='bbox 730 752 792 794; x_wconf 89' lang='lat' dir='ltr'>esse</span> <span class='ocrx_word' id='word_1_11' title='bbox 805 741 964 811; x_wconf 73' lang='lat' dir='ltr'>creperum,</span> <span class='ocrx_word' id='word_1_12' title='bbox 978 750 1082 810; x_wconf 81' lang='lat' dir='ltr'>magna</span> <span class='ocrx_word' id='word_1_13' title='bbox 1095 737 1224 808; x_wconf 87' lang='lat' dir='ltr'>spectare</span> 
     </span>
     <span class='ocr_line' id='line_1_3' title="bbox 253 823 1224 901; baseline -0.004 -17"><span class='ocrx_word' id='word_1_14' title='bbox 253 832 287 884; x_wconf 81' lang='lat' dir='ltr'>et</span> <span class='ocrx_word' id='word_1_15' title='bbox 304 828 347 886; x_wconf 89' lang='lat' dir='ltr'>ad</span> <span class='ocrx_word' id='word_1_16' title='bbox 367 847 403 886; x_wconf 85' lang='lat' dir='ltr'>ea</span> <span class='ocrx_word' id='word_1_17' title='bbox 420 828 505 886; x_wconf 85' lang='lat' dir='ltr'>rectis</span> <span class='ocrx_word' id='word_1_18' title='bbox 519 826 620 884; x_wconf 89' lang='lat' dir='ltr'>studiis</span> <span class='ocrx_word' id='word_1_19' title='bbox 634 826 741 884; x_wconf 89' lang='lat' dir='ltr'>debent</span> <span class='ocrx_word' id='word_1_20' title='bbox 753 824 942 883; x_wconf 78' lang='lat' dir='ltr'>contendere:</span> <span class='ocrx_word' id='word_1_21' title='bbox 964 824 1042 901; x_wconf 93' lang='lat' dir='ltr'>quod</span> <span class='ocrx_word' id='word_1_22' title='bbox 1055 842 1090 881; x_wconf 92' lang='lat' dir='ltr'>eo</span> <span class='ocrx_word' id='word_1_23' title='bbox 1103 823 1224 881; x_wconf 85' lang='lat' dir='ltr'>firmiore</span> 
     </span>
     <span class='ocr_line' id='line_1_4' title="bbox 256 913 1223 994; baseline -0.006 -18"><span class='ocrx_word' id='word_1_24' title='bbox 256 915 357 976; x_wconf 68' lang='lat' dir='ltr'>animo</span> <span class='ocrx_word' id='word_1_25' title='bbox 368 918 483 985; x_wconf 88' lang='lat' dir='ltr'>facient,</span> <span class='ocrx_word' id='word_1_26' title='bbox 497 916 564 994; x_wconf 90' lang='lat' dir='ltr'>quia</span> <span class='ocrx_word' id='word_1_27' title='bbox 577 935 633 973; x_wconf 90' lang='lat' dir='ltr'>non</span> <span class='ocrx_word' id='word_1_28' title='bbox 646 915 733 974; x_wconf 91' lang='lat' dir='ltr'>modo</span> <span class='ocrx_word' id='word_1_29' title='bbox 746 934 803 972; x_wconf 91' lang='lat' dir='ltr'>non</span> <span class='ocrx_word' id='word_1_30' title='bbox 820 914 961 972; x_wconf 83' lang='lat' dir='ltr'>invidetur</span> <span class='ocrx_word' id='word_1_31' title='bbox 973 914 1014 971; x_wconf 92' lang='lat' dir='ltr'>illi</span> <span class='ocrx_word' id='word_1_32' title='bbox 1027 913 1111 981; x_wconf 82' lang='lat' dir='ltr'>oetati,</span> <span class='ocrx_word' id='word_1_33' title='bbox 1126 932 1223 971; x_wconf 89' lang='lat' dir='ltr'>verum</span> 
     </span>
     <span class='ocr_line' id='line_1_5' title="bbox 260 1005 482 1066; baseline 0 -1"><span class='ocrx_word' id='word_1_34' title='bbox 260 1005 349 1065; x_wconf 74' lang='lat' dir='ltr'>etiam</span> <span class='ocrx_word' id='word_1_35' title='bbox 361 1007 482 1066; x_wconf 81' lang='lat' dir='ltr'>favetur.</span> 
     </span>
    </p>
   </div>
   <div class='ocr_carea' id='block_1_3' title="bbox 218 1181 1280 2443">
    <p class='ocr_par' dir='ltr' id='par_1_3' title="bbox 272 1181 1259 1623">
     <span class='ocr_line' id='line_1_6' title="bbox 305 1181 1256 1265; baseline -0.005 -20"><span class='ocrx_word' id='word_1_36' title='bbox 305 1184 399 1244; x_wconf 90' lang='lat' dir='ltr'>Prima</span> <span class='ocrx_word' id='word_1_37' title='bbox 419 1194 464 1245; x_wconf 89' lang='lat' dir='ltr'>est</span> <span class='ocrx_word' id='word_1_38' title='bbox 483 1186 570 1265; x_wconf 88' lang='lat' dir='ltr'>igitur</span> <span class='ocrx_word' id='word_1_39' title='bbox 589 1184 762 1243; x_wconf 85' lang='lat' dir='ltr'>adolescenti</span> <span class='ocrx_word' id='word_1_40' title='bbox 781 1182 989 1241; x_wconf 84' lang='lat' dir='ltr'>commendatio</span> <span class='ocrx_word' id='word_1_41' title='bbox 1003 1183 1040 1241; x_wconf 94' lang='lat' dir='ltr'>ad</span> <span class='ocrx_word' id='word_1_42' title='bbox 1060 1182 1187 1261; x_wconf 85' lang='lat' dir='ltr'>gloriam,</span> <span class='ocrx_word' id='word_1_43' title='bbox 1202 1181 1256 1240; x_wconf 85' lang='lat' dir='ltr'>sit</span> 
     </span>
     <span class='ocr_line' id='line_1_7' title="bbox 272 1271 1227 1351; baseline -0.002 -20"><span class='ocrx_word' id='word_1_44' title='bbox 272 1289 328 1349; x_wconf 89' lang='lat' dir='ltr'>qna</span> <span class='ocrx_word' id='word_1_45' title='bbox 345 1294 385 1333; x_wconf 89' lang='lat' dir='ltr'>ex</span> <span class='ocrx_word' id='word_1_46' title='bbox 407 1276 570 1337; x_wconf 79' lang='lat' dir='ltr'>bellicis</span> <span class='ocrx_word' id='word_1_47' title='bbox 591 1276 706 1333; x_wconf 89' lang='lat' dir='ltr'>rebus</span> <span class='ocrx_word' id='word_1_48' title='bbox 727 1273 884 1351; x_wconf 86' lang='lat' dir='ltr'>comparari</span> <span class='ocrx_word' id='word_1_49' title='bbox 902 1280 1013 1351; x_wconf 88' lang='lat' dir='ltr'>potest;</span> <span class='ocrx_word' id='word_1_50' title='bbox 1033 1272 1132 1349; x_wconf 91' lang='lat' dir='ltr'>inqua</span> <span class='ocrx_word' id='word_1_51' title='bbox 1145 1271 1227 1329; x_wconf 88' lang='lat' dir='ltr'>multi</span> 
     </span>
     <span class='ocr_line' id='line_1_8' title="bbox 276 1362 1226 1444; baseline -0.003 -22"><span class='ocrx_word' id='word_1_52' title='bbox 276 1364 348 1440; x_wconf 84' lang='lat' dir='ltr'>apud</span> <span class='ocrx_word' id='word_1_53' title='bbox 356 1367 474 1444; x_wconf 87' lang='lat' dir='ltr'>majores</span> <span class='ocrx_word' id='word_1_54' title='bbox 484 1374 595 1424; x_wconf 89' lang='lat' dir='ltr'>nostros</span> <span class='ocrx_word' id='word_1_55' title='bbox 605 1365 772 1423; x_wconf 88' lang='lat' dir='ltr'>extiterunt:</span> <span class='ocrx_word' id='word_1_56' title='bbox 787 1381 900 1441; x_wconf 86' lang='lat' dir='ltr'>semper</span> <span class='ocrx_word' id='word_1_57' title='bbox 909 1363 983 1420; x_wconf 86' lang='lat' dir='ltr'>enim</span> <span class='ocrx_word' id='word_1_58' title='bbox 993 1364 1052 1420; x_wconf 88' lang='lat' dir='ltr'>fere</span> <span class='ocrx_word' id='word_1_59' title='bbox 1063 1362 1137 1419; x_wconf 89' lang='lat' dir='ltr'>bella</span> <span class='ocrx_word' id='word_1_60' title='bbox 1146 1381 1226 1440; x_wconf 92' lang='lat' dir='ltr'>gere-</span> 
     </span>
     <span class='ocr_line' id='line_1_9' title="bbox 278 1450 1259 1534; baseline -0.001 -22"><span class='ocrx_word' id='word_1_61' title='bbox 278 1450 378 1515; x_wconf 81' lang='lat' dir='ltr'>bantur.</span> <span class='ocrx_word' id='word_1_62' title='bbox 403 1458 463 1515; x_wconf 77' lang='lat' dir='ltr'>&#39;lira</span> <span class='ocrx_word' id='word_1_63' title='bbox 473 1464 569 1515; x_wconf 88' lang='lat' dir='ltr'>autem</span> <span class='ocrx_word' id='word_1_64' title='bbox 580 1463 649 1515; x_wconf 85' lang='lat' dir='ltr'>aetas</span> <span class='ocrx_word' id='word_1_65' title='bbox 659 1456 756 1515; x_wconf 84' lang='lat' dir='ltr'>incidit</span> <span class='ocrx_word' id='word_1_66' title='bbox 765 1455 794 1512; x_wconf 93' lang='lat' dir='ltr'>in</span> <span class='ocrx_word' id='word_1_67' title='bbox 804 1455 834 1512; x_wconf 96' lang='lat' dir='ltr'>id</span> <span class='ocrx_word' id='word_1_68' title='bbox 844 1455 959 1523; x_wconf 89' lang='lat' dir='ltr'>bellum,</span> <span class='ocrx_word' id='word_1_69' title='bbox 971 1455 1052 1534; x_wconf 90' lang='lat' dir='ltr'>cujus</span> <span class='ocrx_word' id='word_1_70' title='bbox 1062 1455 1151 1512; x_wconf 88' lang='lat' dir='ltr'>altera</span> <span class='ocrx_word' id='word_1_71' title='bbox 1161 1473 1227 1532; x_wconf 87' lang='lat' dir='ltr'>pars</span> <span class='ocrx_word' id='word_1_72' title='bbox 1241 1460 1259 1512; x_wconf 81' lang='lat'><strong>6</strong></span> 
     </span>
     <span class='ocr_line' id='line_1_10' title="bbox 283 1543 1258 1623; baseline -0.001 -21"><span class='ocrx_word' id='word_1_73' title='bbox 283 1543 380 1603; x_wconf 70' lang='lat' dir='ltr'>sceleris</span> <span class='ocrx_word' id='word_1_74' title='bbox 390 1548 506 1605; x_wconf 92' lang='lat' dir='ltr'>nimium</span> <span class='ocrx_word' id='word_1_75' title='bbox 520 1547 628 1615; x_wconf 84' lang='lat' dir='ltr'>habuit,</span> <span class='ocrx_word' id='word_1_76' title='bbox 643 1546 733 1604; x_wconf 88' lang='lat' dir='ltr'>altera</span> <span class='ocrx_word' id='word_1_77' title='bbox 748 1545 889 1603; x_wconf 82' lang='lat' dir='ltr'>felicitatis</span> <span class='ocrx_word' id='word_1_78' title='bbox 902 1564 1012 1623; x_wconf 85' lang='lat' dir='ltr'>parum.</span> <span class='ocrx_word' id='word_1_79' title='bbox 1053 1545 1117 1613; x_wconf 82' lang='lat' dir='ltr'>Quo</span> <span class='ocrx_word' id='word_1_80' title='bbox 1130 1552 1227 1602; x_wconf 91' lang='lat' dir='ltr'>tamen</span> <span class='ocrx_word' id='word_1_81' title='bbox 1242 1544 1258 1601; x_wconf 78' lang='lat' dir='ltr'>&#39;l</span> 
     </span>
    </p>

    <p class='ocr_par' dir='ltr' id='par_1_4' title="bbox 218 1629 1226 1714">
     <span class='ocr_line' id='line_1_11' title="bbox 218 1629 1226 1714; baseline -0.001 -21"><span class='ocrx_word' id='word_1_82' title='bbox 218 1655 225 1704; x_wconf 85' lang='lat'>,·</span> <span class='ocrx_word' id='word_1_83' title='bbox 285 1629 313 1687; x_wconf 77' lang='lat' dir='ltr'>ln</span> <span class='ocrx_word' id='word_1_84' title='bbox 325 1633 396 1705; x_wconf 88' lang='lat' dir='ltr'>bello,</span> <span class='ocrx_word' id='word_1_85' title='bbox 410 1656 476 1695; x_wconf 91' lang='lat' dir='ltr'>cum</span> <span class='ocrx_word' id='word_1_86' title='bbox 494 1643 525 1695; x_wconf 89' lang='lat' dir='ltr'>te</span> <span class='ocrx_word' id='word_1_87' title='bbox 544 1636 699 1714; x_wconf 93' lang='lat' dir='ltr'>Pompeius</span> <span class='ocrx_word' id='word_1_88' title='bbox 719 1635 784 1693; x_wconf 81' lang='lat' dir='ltr'>alae·</span> <span class='ocrx_word' id='word_1_89' title='bbox 793 1635 875 1693; x_wconf 88' lang='lat' dir='ltr'>alteri</span> <span class='ocrx_word' id='word_1_90' title='bbox 895 1635 1077 1712; x_wconf 77' lang='lat' dir='ltr'>praefecisset,</span> <span class='ocrx_word' id='word_1_91' title='bbox 1092 1654 1226 1713; x_wconf 88' lang='lat' dir='ltr'>magnam</span> 
     </span>
    </p>

    <p class='ocr_par' dir='ltr' id='par_1_5' title="bbox 218 1709 1259 2163">
     <span class='ocr_line' id='line_1_12' title="bbox 218 1709 1226 1800; baseline 0.004 -24"><span class='ocrx_word' id='word_1_92' title='bbox 218 1709 233 1798; x_wconf 68' lang='lat' dir='ltr'>i·</span> <span class='ocrx_word' id='word_1_93' title='bbox 287 1717 382 1782; x_wconf 84' lang='lat' dir='ltr'>laudem</span> <span class='ocrx_word' id='word_1_94' title='bbox 401 1732 430 1784; x_wconf 88' lang='lat' dir='ltr'>et</span> <span class='ocrx_word' id='word_1_95' title='bbox 449 1746 468 1783; x_wconf 90' lang='lat' dir='ltr'>a</span> <span class='ocrx_word' id='word_1_96' title='bbox 487 1746 599 1784; x_wconf 90' lang='lat' dir='ltr'>summo</span> <span class='ocrx_word' id='word_1_97' title='bbox 612 1725 672 1783; x_wconf 85' lang='lat' dir='ltr'>viro</span> <span class='ocrx_word' id='word_1_98' title='bbox 686 1732 716 1782; x_wconf 90' lang='lat' dir='ltr'>et</span> <span class='ocrx_word' id='word_1_99' title='bbox 729 1726 766 1783; x_wconf 90' lang='lat' dir='ltr'>ab</span> <span class='ocrx_word' id='word_1_100' title='bbox 780 1724 907 1782; x_wconf 85' lang='lat' dir='ltr'>exercitu</span> <span class='ocrx_word' id='word_1_101' title='bbox 926 1725 1136 1800; x_wconf 86' lang='lat' dir='ltr'>consequebare</span> <span class='ocrx_word' id='word_1_102' title='bbox 1150 1724 1226 1799; x_wconf 91' lang='lat' dir='ltr'>equi·</span> 
     </span>
     <span class='ocr_line' id='line_1_13' title="bbox 289 1810 1228 1892; baseline -0.001 -23"><span class='ocrx_word' id='word_1_103' title='bbox 289 1810 368 1881; x_wconf 72' lang='lat' dir='ltr'>tando,</span> <span class='ocrx_word' id='word_1_104' title='bbox 378 1815 536 1892; x_wconf 87' lang='lat' dir='ltr'>jaculando,</span> <span class='ocrx_word' id='word_1_105' title='bbox 552 1815 628 1873; x_wconf 93' lang='lat' dir='ltr'>omni</span> <span class='ocrx_word' id='word_1_106' title='bbox 646 1815 759 1873; x_wconf 88' lang='lat' dir='ltr'>militari</span> <span class='ocrx_word' id='word_1_107' title='bbox 774 1814 873 1872; x_wconf 88' lang='lat' dir='ltr'>labore</span> <span class='ocrx_word' id='word_1_108' title='bbox 886 1813 1040 1870; x_wconf 90' lang='lat' dir='ltr'>tolerando.</span> <span class='ocrx_word' id='word_1_109' title='bbox 1082 1812 1180 1888; x_wconf 81' lang='lat' dir='ltr'>Atque</span> <span class='ocrx_word' id='word_1_110' title='bbox 1194 1831 1228 1868; x_wconf 88' lang='lat' dir='ltr'>ca</span> 
     </span>
     <span class='ocr_line' id='line_1_14' title="bbox 290 1894 1259 1982; baseline -0.002 -21"><span class='ocrx_word' id='word_1_111' title='bbox 290 1898 384 1973; x_wconf 70' lang='lat' dir='ltr'>quidem</span> <span class='ocrx_word' id='word_1_112' title='bbox 396 1911 443 1962; x_wconf 83' lang='lat' dir='ltr'>tun</span> <span class='ocrx_word' id='word_1_113' title='bbox 456 1905 520 1962; x_wconf 88' lang='lat' dir='ltr'>laus</span> <span class='ocrx_word' id='word_1_114' title='bbox 533 1905 639 1982; x_wconf 87' lang='lat' dir='ltr'>pariter</span> <span class='ocrx_word' id='word_1_115' title='bbox 652 1923 718 1963; x_wconf 90' lang='lat' dir='ltr'>cum</span> <span class='ocrx_word' id='word_1_116' title='bbox 731 1924 761 1962; x_wconf 91' lang='lat' dir='ltr'>re</span> <span class='ocrx_word' id='word_1_117' title='bbox 776 1903 889 1981; x_wconf 88' lang='lat' dir='ltr'>publica</span> <span class='ocrx_word' id='word_1_118' title='bbox 899 1894 1007 1960; x_wconf 81' lang='lat' dir='ltr'>cecidit.</span> <span class='ocrx_word' id='word_1_119' title='bbox 1049 1901 1118 1959; x_wconf 90' lang='lat' dir='ltr'>Mihi</span> <span class='ocrx_word' id='word_1_120' title='bbox 1132 1908 1227 1958; x_wconf 88' lang='lat' dir='ltr'>autem</span> <span class='ocrx_word' id='word_1_121' title='bbox 1242 1908 1259 1959; x_wconf 80' lang='grc'>8</span> 
     </span>
     <span class='ocr_line' id='line_1_15' title="bbox 290 1983 1227 2071; baseline 0.005 -28"><span class='ocrx_word' id='word_1_122' title='bbox 290 1983 428 2052; x_wconf 81' lang='lat' dir='ltr'>hecoratio</span> <span class='ocrx_word' id='word_1_123' title='bbox 438 2001 572 2071; x_wconf 83' lang='lat' dir='ltr'>suscepta</span> <span class='ocrx_word' id='word_1_124' title='bbox 580 2014 638 2052; x_wconf 91' lang='lat' dir='ltr'>non</span> <span class='ocrx_word' id='word_1_125' title='bbox 648 1993 685 2052; x_wconf 91' lang='lat' dir='ltr'>de</span> <span class='ocrx_word' id='word_1_126' title='bbox 699 2001 728 2052; x_wconf 89' lang='lat' dir='ltr'>te</span> <span class='ocrx_word' id='word_1_127' title='bbox 742 2001 795 2061; x_wconf 88' lang='lat' dir='ltr'>est,</span> <span class='ocrx_word' id='word_1_128' title='bbox 809 1991 860 2050; x_wconf 88' lang='lat' dir='ltr'>sed</span> <span class='ocrx_word' id='word_1_129' title='bbox 875 1992 912 2049; x_wconf 93' lang='lat' dir='ltr'>de</span> <span class='ocrx_word' id='word_1_130' title='bbox 925 2010 1028 2070; x_wconf 81' lang='lat' dir='ltr'>genere</span> <span class='ocrx_word' id='word_1_131' title='bbox 1037 1997 1113 2049; x_wconf 90' lang='lat' dir='ltr'>toto:</span> <span class='ocrx_word' id='word_1_132' title='bbox 1129 2010 1227 2068; x_wconf 85' lang='lat' dir='ltr'>quarn-</span> 
     </span>
     <span class='ocr_line' id='line_1_16' title="bbox 292 2073 847 2163; baseline 0 -24"><span class='ocrx_word' id='word_1_133' title='bbox 292 2073 370 2138; x_wconf 73' lang='lat' dir='ltr'>0bre1n</span> <span class='ocrx_word' id='word_1_134' title='bbox 380 2102 529 2163; x_wconf 87' lang='lat' dir='ltr'>pergamus</span> <span class='ocrx_word' id='word_1_135' title='bbox 543 2084 580 2141; x_wconf 92' lang='lat' dir='ltr'>ad</span> <span class='ocrx_word' id='word_1_136' title='bbox 594 2102 636 2151; x_wconf 92' lang='lat' dir='ltr'>ea,</span> <span class='ocrx_word' id='word_1_137' title='bbox 651 2103 716 2161; x_wconf 90' lang='lat' dir='ltr'>quae</span> <span class='ocrx_word' id='word_1_138' title='bbox 731 2089 847 2140; x_wconf 88' lang='lat' dir='ltr'>restant.</span> 
     </span>
    </p>

    <p class='ocr_par' dir='ltr' id='par_1_6' title="bbox 292 2164 1280 2443">
     <span class='ocr_line' id='line_1_17' title="bbox 319 2164 1259 2262; baseline -0.001 -31"><span class='ocrx_word' id='word_1_139' title='bbox 319 2164 358 2262; x_wconf 36' lang='lat' dir='ltr'>&#39;Ut</span> <span class='ocrx_word' id='word_1_140' title='bbox 372 2171 453 2250; x_wconf 83' lang='lat' dir='ltr'>igitur</span> <span class='ocrx_word' id='word_1_141' title='bbox 471 2174 500 2231; x_wconf 91' lang='lat' dir='ltr'>in</span> <span class='ocrx_word' id='word_1_142' title='bbox 519 2173 634 2251; x_wconf 90' lang='lat' dir='ltr'>reliquis</span> <span class='ocrx_word' id='word_1_143' title='bbox 653 2174 739 2231; x_wconf 91' lang='lat' dir='ltr'>rebus</span> <span class='ocrx_word' id='word_1_144' title='bbox 758 2172 850 2229; x_wconf 90' lang='lat' dir='ltr'>multo</span> <span class='ocrx_word' id='word_1_145' title='bbox 868 2172 976 2250; x_wconf 87' lang='lat' dir='ltr'>majora</span> <span class='ocrx_word' id='word_1_146' title='bbox 992 2191 1078 2250; x_wconf 88' lang='lat' dir='ltr'>opera</span> <span class='ocrx_word' id='word_1_147' title='bbox 1091 2179 1157 2230; x_wconf 89' lang='lat' dir='ltr'>sunt</span> <span class='ocrx_word' id='word_1_148' title='bbox 1171 2172 1228 2229; x_wconf 92' lang='lat' dir='ltr'>arri·</span> <span class='ocrx_word' id='word_1_149' title='bbox 1242 2178 1259 2230; x_wconf 83' lang='grc'>9</span> 
     </span>
     <span class='ocr_line' id='line_1_18' title="bbox 292 2262 1226 2340; baseline 0 -21"><span class='ocrx_word' id='word_1_150' title='bbox 292 2268 332 2319; x_wconf 76' lang='lat'>¹¹11,</span> <span class='ocrx_word' id='word_1_151' title='bbox 342 2276 413 2334; x_wconf 87' lang='lat' dir='ltr'>quam</span> <span class='ocrx_word' id='word_1_152' title='bbox 433 2263 574 2340; x_wconf 89' lang='lat' dir='ltr'>corporis:</span> <span class='ocrx_word' id='word_1_153' title='bbox 596 2263 637 2320; x_wconf 88' lang='lat' dir='ltr'>sic</span> <span class='ocrx_word' id='word_1_154' title='bbox 650 2281 693 2320; x_wconf 80' lang='lat' dir='ltr'>eae</span> <span class='ocrx_word' id='word_1_155' title='bbox 706 2281 760 2329; x_wconf 89' lang='lat' dir='ltr'>res,</span> <span class='ocrx_word' id='word_1_156' title='bbox 775 2281 846 2339; x_wconf 90' lang='lat' dir='ltr'>quas</span> <span class='ocrx_word' id='word_1_157' title='bbox 864 2262 975 2339; x_wconf 92' lang='lat' dir='ltr'>ingenio</span> <span class='ocrx_word' id='word_1_158' title='bbox 988 2280 1022 2318; x_wconf 90' lang='lat' dir='ltr'>ac</span> <span class='ocrx_word' id='word_1_159' title='bbox 1038 2264 1145 2320; x_wconf 89' lang='lat' dir='ltr'>ratione</span> <span class='ocrx_word' id='word_1_160' title='bbox 1163 2281 1226 2339; x_wconf 90' lang='lat' dir='ltr'>per·</span> 
     </span>
     <span class='ocr_line' id='line_1_19' title="bbox 293 2346 1280 2443; baseline 0.002 -36"><span class='ocrx_word' id='word_1_161' title='bbox 293 2346 416 2443; x_wconf 49' lang='lat' dir='ltr'>ltquinur,</span> <span class='ocrx_word' id='word_1_162' title='bbox 437 2351 579 2432; x_wconf 78' lang='lat' dir='ltr'>graviores</span> <span class='ocrx_word' id='word_1_163' title='bbox 600 2358 675 2420; x_wconf 90' lang='lat' dir='ltr'>sunt,</span> <span class='ocrx_word' id='word_1_164' title='bbox 695 2370 781 2429; x_wconf 93' lang='lat' dir='ltr'>quam</span> <span class='ocrx_word' id='word_1_165' title='bbox 801 2352 867 2420; x_wconf 85' lang='lat' dir='ltr'>illae,</span> <span class='ocrx_word' id='word_1_166' title='bbox 888 2371 959 2429; x_wconf 93' lang='lat' dir='ltr'>quas</span> <span class='ocrx_word' id='word_1_167' title='bbox 978 2351 1091 2411; x_wconf 87' lang='lat' dir='ltr'>viribus.</span> <span class='ocrx_word' id='word_1_168' title='bbox 1131 2352 1228 2411; x_wconf 89' lang='lat' dir='ltr'>Prima</span> <span class='ocrx_word' id='word_1_169' title='bbox 1243 2358 1280 2410; x_wconf 87' lang='lat'>10</span> 
     </span>
    </p>
   </div>
   <div class='ocr_carea' id='block_1_4' title="bbox 251 2432 1279 3056">
    <p class='ocr_par' dir='ltr' id='par_1_7' title="bbox 293 2432 1277 2878">
     <span class='ocr_line' id='line_1_20' title="bbox 293 2432 1228 2520; baseline 0 -21"><span class='ocrx_word' id='word_1_170' title='bbox 293 2432 566 2508; x_wconf 77' lang='lat' dir='ltr'>rgiureommendario</span> <span class='ocrx_word' id='word_1_171' title='bbox 575 2443 759 2520; x_wconf 89' lang='lat' dir='ltr'>proficiscitur</span> <span class='ocrx_word' id='word_1_172' title='bbox 770 2461 787 2499; x_wconf 91' lang='lat' dir='ltr'>a</span> <span class='ocrx_word' id='word_1_173' title='bbox 798 2441 876 2499; x_wconf 94' lang='lat' dir='ltr'>mod</span> <span class='ocrx_word' id='word_1_174' title='bbox 884 2443 957 2500; x_wconf 89' lang='lat' dir='ltr'>esti</span> <span class='ocrx_word' id='word_1_175' title='bbox 965 2461 996 2509; x_wconf 89' lang='lat' dir='ltr'>a,</span> <span class='ocrx_word' id='word_1_176' title='bbox 1009 2448 1072 2499; x_wconf 94' lang='lat' dir='ltr'>tum</span> <span class='ocrx_word' id='word_1_177' title='bbox 1084 2442 1228 2519; x_wconf 90' lang='lat' dir='ltr'>pietate</span> 
     </span>
     <span class='ocr_line' id='line_1_21' title="bbox 293 2517 1277 2601; baseline 0.001 -14"><span class='ocrx_word' id='word_1_178' title='bbox 293 2517 454 2601; x_wconf 76' lang='lat' dir='ltr'>inpaenres,</span> <span class='ocrx_word' id='word_1_179' title='bbox 476 2533 507 2590; x_wconf 91' lang='lat' dir='ltr'>in</span> <span class='ocrx_word' id='word_1_180' title='bbox 531 2551 598 2590; x_wconf 88' lang='lat' dir='ltr'>suos</span> <span class='ocrx_word' id='word_1_181' title='bbox 626 2532 821 2590; x_wconf 82' lang='lat' dir='ltr'>benivolentia.</span> <span class='ocrx_word' id='word_1_182' title='bbox 863 2532 1006 2589; x_wconf 85' lang='lat' dir='ltr'>Facillime</span> <span class='ocrx_word' id='word_1_183' title='bbox 1027 2540 1130 2599; x_wconf 89' lang='lat' dir='ltr'>autem,</span> <span class='ocrx_word' id='word_1_184' title='bbox 1151 2539 1181 2589; x_wconf 87' lang='lat' dir='ltr'>et</span> <span class='ocrx_word' id='word_1_185' title='bbox 1199 2532 1228 2588; x_wconf 93' lang='lat' dir='ltr'>in</span> <span class='ocrx_word' id='word_1_186' title='bbox 1243 2538 1277 2588; x_wconf 87' lang='lat'>11</span> 
     </span>
     <span class='ocr_line' id='line_1_22' title="bbox 294 2613 1228 2700; baseline -0.002 -21"><span class='ocrx_word' id='word_1_187' title='bbox 294 2613 403 2686; x_wconf 74' lang='lat' dir='ltr'>optimam</span> <span class='ocrx_word' id='word_1_188' title='bbox 416 2629 537 2700; x_wconf 88' lang='lat' dir='ltr'>partem,</span> <span class='ocrx_word' id='word_1_189' title='bbox 550 2630 759 2700; x_wconf 88' lang='lat' dir='ltr'>cognoscuntur</span> <span class='ocrx_word' id='word_1_190' title='bbox 769 2620 971 2689; x_wconf 87' lang='lat' dir='ltr'>adolescentes,</span> <span class='ocrx_word' id='word_1_191' title='bbox 982 2621 1031 2697; x_wconf 92' lang='lat' dir='ltr'>qui</span> <span class='ocrx_word' id='word_1_192' title='bbox 1044 2641 1074 2679; x_wconf 89' lang='lat' dir='ltr'>se</span> <span class='ocrx_word' id='word_1_193' title='bbox 1085 2621 1122 2678; x_wconf 88' lang='lat' dir='ltr'>ad</span> <span class='ocrx_word' id='word_1_194' title='bbox 1137 2622 1228 2679; x_wconf 84' lang='lat' dir='ltr'>claros</span> 
     </span>
     <span class='ocr_line' id='line_1_23' title="bbox 295 2704 1226 2788; baseline -0.001 -19"><span class='ocrx_word' id='word_1_195' title='bbox 295 2704 449 2784; x_wconf 59' lang='lat' dir='ltr'>&amp;sapientes</span> <span class='ocrx_word' id='word_1_196' title='bbox 459 2712 543 2779; x_wconf 83' lang='lat' dir='ltr'>viros,</span> <span class='ocrx_word' id='word_1_197' title='bbox 555 2713 627 2769; x_wconf 92' lang='lat' dir='ltr'>bene</span> <span class='ocrx_word' id='word_1_198' title='bbox 640 2711 819 2769; x_wconf 84' lang='lat' dir='ltr'>consulentes</span> <span class='ocrx_word' id='word_1_199' title='bbox 833 2711 873 2768; x_wconf 91' lang='lat' dir='ltr'>rei</span> <span class='ocrx_word' id='word_1_200' title='bbox 887 2711 1020 2788; x_wconf 91' lang='lat' dir='ltr'>publicae,</span> <span class='ocrx_word' id='word_1_201' title='bbox 1032 2711 1226 2768; x_wconf 84' lang='lat' dir='ltr'>contulerrmt:</span> 
     </span>
     <span class='ocr_line' id='line_1_24' title="bbox 294 2788 1226 2878; baseline -0.005 -17"><span class='ocrx_word' id='word_1_202' title='bbox 294 2788 435 2862; x_wconf 65' lang='lat' dir='ltr'>ambacum</span> <span class='ocrx_word' id='word_1_203' title='bbox 457 2801 481 2858; x_wconf 89' lang='lat' dir='ltr'>si</span> <span class='ocrx_word' id='word_1_204' title='bbox 501 2801 662 2877; x_wconf 85' lang='lat' dir='ltr'>frequentes</span> <span class='ocrx_word' id='word_1_205' title='bbox 686 2807 761 2866; x_wconf 89' lang='lat' dir='ltr'>sunt,</span> <span class='ocrx_word' id='word_1_206' title='bbox 786 2799 945 2878; x_wconf 93' lang='lat' dir='ltr'>opinionem</span> <span class='ocrx_word' id='word_1_207' title='bbox 967 2800 1089 2857; x_wconf 87' lang='lat' dir='ltr'>afferrmt</span> <span class='ocrx_word' id='word_1_208' title='bbox 1112 2800 1226 2877; x_wconf 90' lang='lat' dir='ltr'>populo,</span> 
     </span>
    </p>

    <p class='ocr_par' dir='ltr' id='par_1_8' title="bbox 251 2888 1279 3056">
     <span class='ocr_line' id='line_1_25' title="bbox 251 2888 1228 2967; baseline -0.001 -22"><span class='ocrx_word' id='word_1_209' title='bbox 251 2910 255 2915; x_wconf 95' lang='lat'>·</span> <span class='ocrx_word' id='word_1_210' title='bbox 294 2891 369 2945; x_wconf 71' lang='lat' dir='ltr'>0⁰rurn</span> <span class='ocrx_word' id='word_1_211' title='bbox 386 2892 446 2948; x_wconf 88' lang='lat' dir='ltr'>fore</span> <span class='ocrx_word' id='word_1_212' title='bbox 467 2909 499 2948; x_wconf 90' lang='lat' dir='ltr'>se</span> <span class='ocrx_word' id='word_1_213' title='bbox 519 2890 630 2957; x_wconf 86' lang='lat' dir='ltr'>similes,</span> <span class='ocrx_word' id='word_1_214' title='bbox 646 2909 718 2967; x_wconf 92' lang='lat' dir='ltr'>quos</span> <span class='ocrx_word' id='word_1_215' title='bbox 740 2890 793 2948; x_wconf 91' lang='lat' dir='ltr'>sibi</span> <span class='ocrx_word' id='word_1_216' title='bbox 810 2890 864 2967; x_wconf 92' lang='lat' dir='ltr'>ipsi</span> <span class='ocrx_word' id='word_1_217' title='bbox 883 2889 1039 2966; x_wconf 84' lang='lat' dir='ltr'>delegerint</span> <span class='ocrx_word' id='word_1_218' title='bbox 1059 2888 1096 2945; x_wconf 91' lang='lat' dir='ltr'>ad</span> <span class='ocrx_word' id='word_1_219' title='bbox 1117 2889 1228 2945; x_wconf 89' lang='lat' dir='ltr'>imitan-</span> 
     </span>
     <span class='ocr_line' id='line_1_26' title="bbox 293 2962 1279 3056; baseline 0.002 -24"><span class='ocrx_word' id='word_1_220' title='bbox 293 2962 352 3032; x_wconf 68' lang='lat' dir='ltr'>dum</span> <span class='ocrx_word' id='word_1_221' title='bbox 385 2980 417 3038; x_wconf 94' lang='lat' dir='ltr'>P.</span> <span class='ocrx_word' id='word_1_222' title='bbox 431 2980 530 3038; x_wconf 87' lang='lat' dir='ltr'>Rutilii</span> <span class='ocrx_word' id='word_1_223' title='bbox 543 2979 762 3037; x_wconf 84' lang='lat' dir='ltr'>adolescentiam</span> <span class='ocrx_word' id='word_1_224' title='bbox 775 2980 812 3036; x_wconf 91' lang='lat' dir='ltr'>ad</span> <span class='ocrx_word' id='word_1_225' title='bbox 827 2979 986 3056; x_wconf 89' lang='lat' dir='ltr'>opinionem</span> <span class='ocrx_word' id='word_1_226' title='bbox 1003 2984 1033 3035; x_wconf 92' lang='lat' dir='ltr'>et</span> <span class='ocrx_word' id='word_1_227' title='bbox 1052 2977 1227 3044; x_wconf 85' lang='lat' dir='ltr'>innocentiae,</span> <span class='ocrx_word' id='word_1_228' title='bbox 1244 2984 1279 3034; x_wconf 78' lang='lat'>12</span> 
     </span>
    </p>
   </div>
   <div class='ocr_carea' id='block_1_5' title="bbox 218 3060 1279 3691">
    <p class='ocr_par' dir='ltr' id='par_1_9' title="bbox 292 3060 1279 3227">
     <span class='ocr_line' id='line_1_27' title="bbox 294 3060 1279 3138; baseline -0.002 -12"><span class='ocrx_word' id='word_1_229' title='bbox 294 3060 389 3138; x_wconf 66' lang='lat' dir='ltr'>eijuris</span> <span class='ocrx_word' id='word_1_230' title='bbox 411 3070 543 3137; x_wconf 72' lang='lat' dir='ltr'>scientiae,</span> <span class='ocrx_word' id='word_1_231' title='bbox 565 3069 598 3126; x_wconf 94' lang='lat' dir='ltr'>P.</span> <span class='ocrx_word' id='word_1_232' title='bbox 620 3069 706 3126; x_wconf 90' lang='lat' dir='ltr'>Mucii</span> <span class='ocrx_word' id='word_1_233' title='bbox 726 3067 933 3126; x_wconf 86' lang='lat' dir='ltr'>commendavit</span> <span class='ocrx_word' id='word_1_234' title='bbox 953 3066 1062 3123; x_wconf 93' lang='lat' dir='ltr'>domus.</span> <span class='ocrx_word' id='word_1_235' title='bbox 1104 3066 1180 3124; x_wconf 90' lang='lat' dir='ltr'>Nam</span> <span class='ocrx_word' id='word_1_236' title='bbox 1194 3067 1226 3124; x_wconf 90' lang='lat' dir='ltr'>L.</span> <span class='ocrx_word' id='word_1_237' title='bbox 1244 3073 1279 3125; x_wconf 82' lang='lat'>13</span> 
     </span>
     <span class='ocr_line' id='line_1_28' title="bbox 292 3148 1228 3227; baseline -0.009 -6"><span class='ocrx_word' id='word_1_238' title='bbox 292 3148 383 3221; x_wconf 76' lang='lat' dir='ltr'>llldem</span> <span class='ocrx_word' id='word_1_239' title='bbox 393 3160 521 3227; x_wconf 80' lang='lat' dir='ltr'>Crassus,</span> <span class='ocrx_word' id='word_1_240' title='bbox 533 3179 598 3217; x_wconf 85' lang='lat' dir='ltr'>eum</span> <span class='ocrx_word' id='word_1_241' title='bbox 608 3166 683 3217; x_wconf 90' lang='lat' dir='ltr'>esset</span> <span class='ocrx_word' id='word_1_242' title='bbox 693 3157 849 3216; x_wconf 93' lang='lat' dir='ltr'>admodum</span> <span class='ocrx_word' id='word_1_243' title='bbox 860 3155 1033 3223; x_wconf 88' lang='lat' dir='ltr'>adolescens,</span> <span class='ocrx_word' id='word_1_244' title='bbox 1045 3174 1100 3212; x_wconf 93' lang='lat' dir='ltr'>non</span> <span class='ocrx_word' id='word_1_245' title='bbox 1115 3155 1228 3213; x_wconf 84' lang='lat' dir='ltr'>aliunde</span> 
     </span>
    </p>

    <p class='ocr_par' dir='ltr' id='par_1_10' title="bbox 241 3245 1229 3503">
     <span class='ocr_line' id='line_1_29' title="bbox 241 3245 1229 3326; baseline -0.002 -21"><span class='ocrx_word' id='word_1_246' title='bbox 241 3312 246 3321; x_wconf 41' lang='grc' dir='ltr'>Ι</span> <span class='ocrx_word' id='word_1_247' title='bbox 292 3248 414 3307; x_wconf 72' lang='lat' dir='ltr'>mutatus</span> <span class='ocrx_word' id='word_1_248' title='bbox 434 3256 487 3317; x_wconf 89' lang='lat' dir='ltr'>est,</span> <span class='ocrx_word' id='word_1_249' title='bbox 502 3249 554 3306; x_wconf 89' lang='lat' dir='ltr'>sed</span> <span class='ocrx_word' id='word_1_250' title='bbox 567 3248 621 3306; x_wconf 88' lang='lat' dir='ltr'>sibi</span> <span class='ocrx_word' id='word_1_251' title='bbox 633 3248 695 3326; x_wconf 92' lang='lat' dir='ltr'>ipse</span> <span class='ocrx_word' id='word_1_252' title='bbox 709 3247 821 3325; x_wconf 88' lang='lat' dir='ltr'>peperit</span> <span class='ocrx_word' id='word_1_253' title='bbox 840 3245 991 3303; x_wconf 83' lang='lat' dir='ltr'>maximam</span> <span class='ocrx_word' id='word_1_254' title='bbox 1004 3245 1120 3303; x_wconf 92' lang='lat' dir='ltr'>laudem</span> <span class='ocrx_word' id='word_1_255' title='bbox 1133 3264 1169 3303; x_wconf 90' lang='lat' dir='ltr'>ex</span> <span class='ocrx_word' id='word_1_256' title='bbox 1181 3246 1229 3304; x_wconf 90' lang='lat' dir='ltr'>illa</span> 
     </span>
     <span class='ocr_line' id='line_1_30' title="bbox 292 3336 1229 3416; baseline -0.003 -21"><span class='ocrx_word' id='word_1_257' title='bbox 292 3338 444 3396; x_wconf 74' lang='lat' dir='ltr'>att‘rrsatione</span> <span class='ocrx_word' id='word_1_258' title='bbox 457 3339 544 3397; x_wconf 93' lang='lat' dir='ltr'>nobili</span> <span class='ocrx_word' id='word_1_259' title='bbox 558 3345 586 3396; x_wconf 89' lang='lat' dir='ltr'>et</span> <span class='ocrx_word' id='word_1_260' title='bbox 606 3338 749 3416; x_wconf 87' lang='lat' dir='ltr'>gloriosa:</span> <span class='ocrx_word' id='word_1_261' title='bbox 771 3344 800 3394; x_wconf 90' lang='lat' dir='ltr'>et</span> <span class='ocrx_word' id='word_1_262' title='bbox 814 3356 870 3413; x_wconf 90' lang='lat' dir='ltr'>qua</span> <span class='ocrx_word' id='word_1_263' title='bbox 889 3342 973 3393; x_wconf 79' lang='lat' dir='ltr'>aetate</span> <span class='ocrx_word' id='word_1_264' title='bbox 987 3336 1036 3412; x_wconf 95' lang='lat' dir='ltr'>qui</span> <span class='ocrx_word' id='word_1_265' title='bbox 1055 3341 1229 3403; x_wconf 83' lang='lat' dir='ltr'>exercentur,</span> 
     </span>
     <span class='ocr_line' id='line_1_31' title="bbox 291 3411 1229 3503; baseline 0.005 -25"><span class='ocrx_word' id='word_1_266' title='bbox 291 3411 356 3482; x_wconf 76' lang='lat' dir='ltr'>laude</span> <span class='ocrx_word' id='word_1_267' title='bbox 373 3428 444 3486; x_wconf 90' lang='lat' dir='ltr'>affici</span> <span class='ocrx_word' id='word_1_268' title='bbox 464 3428 565 3495; x_wconf 87' lang='lat' dir='ltr'>solent,</span> <span class='ocrx_word' id='word_1_269' title='bbox 579 3435 614 3484; x_wconf 87' lang='lat' dir='ltr'>ut</span> <span class='ocrx_word' id='word_1_270' title='bbox 634 3426 670 3484; x_wconf 93' lang='lat' dir='ltr'>de</span> <span class='ocrx_word' id='word_1_271' title='bbox 691 3427 884 3484; x_wconf 89' lang='lat' dir='ltr'>Demosthene</span> <span class='ocrx_word' id='word_1_272' title='bbox 905 3427 1073 3503; x_wconf 91' lang='lat' dir='ltr'>accepimus,</span> <span class='ocrx_word' id='word_1_273' title='bbox 1088 3444 1122 3482; x_wconf 92' lang='lat' dir='ltr'>ea</span> <span class='ocrx_word' id='word_1_274' title='bbox 1143 3431 1229 3483; x_wconf 88' lang='lat' dir='ltr'>aetate</span> 
     </span>
    </p>

    <p class='ocr_par' dir='ltr' id='par_1_11' title="bbox 218 3502 1230 3593">
     <span class='ocr_line' id='line_1_32' title="bbox 218 3502 1230 3593; baseline 0.004 -23"><span class='ocrx_word' id='word_1_275' title='bbox 218 3572 221 3583; x_wconf 75' lang='grc'><strong>,</strong></span> <span class='ocrx_word' id='word_1_276' title='bbox 288 3502 312 3566; x_wconf 83' lang='lat' dir='ltr'>l.</span> <span class='ocrx_word' id='word_1_277' title='bbox 325 3513 435 3575; x_wconf 77' lang='lat' dir='ltr'>Crassus</span> <span class='ocrx_word' id='word_1_278' title='bbox 455 3517 586 3584; x_wconf 90' lang='lat' dir='ltr'>ostendit,</span> <span class='ocrx_word' id='word_1_279' title='bbox 601 3516 630 3574; x_wconf 93' lang='lat' dir='ltr'>id</span> <span class='ocrx_word' id='word_1_280' title='bbox 651 3535 681 3574; x_wconf 93' lang='lat' dir='ltr'>se</span> <span class='ocrx_word' id='word_1_281' title='bbox 701 3516 730 3573; x_wconf 91' lang='lat' dir='ltr'>in</span> <span class='ocrx_word' id='word_1_282' title='bbox 750 3517 812 3573; x_wconf 84' lang='lat' dir='ltr'>foro</span> <span class='ocrx_word' id='word_1_283' title='bbox 833 3516 939 3593; x_wconf 91' lang='lat' dir='ltr'>optime</span> <span class='ocrx_word' id='word_1_284' title='bbox 956 3516 1017 3592; x_wconf 89' lang='lat' dir='ltr'>jam</span> <span class='ocrx_word' id='word_1_285' title='bbox 1036 3517 1138 3583; x_wconf 88' lang='lat' dir='ltr'>facere,</span> <span class='ocrx_word' id='word_1_286' title='bbox 1152 3516 1230 3593; x_wconf 92' lang='lat' dir='ltr'>quod</span> 
     </span>
    </p>

    <p class='ocr_par' dir='ltr' id='par_1_12' title="bbox 218 3596 965 3691">
     <span class='ocr_line' id='line_1_33' title="bbox 218 3596 965 3691; baseline 0 -29"><span class='ocrx_word' id='word_1_287' title='bbox 218 3596 222 3691; x_wconf 56' lang='grc' dir='ltr'>ξ</span> <span class='ocrx_word' id='word_1_288' title='bbox 288 3599 415 3664; x_wconf 69' lang='lat' dir='ltr'>nmmum</span> <span class='ocrx_word' id='word_1_289' title='bbox 428 3613 542 3684; x_wconf 88' lang='lat' dir='ltr'>poterat</span> <span class='ocrx_word' id='word_1_290' title='bbox 556 3606 632 3664; x_wconf 92' lang='lat' dir='ltr'>domi</span> <span class='ocrx_word' id='word_1_291' title='bbox 646 3626 711 3663; x_wconf 92' lang='lat' dir='ltr'>eum</span> <span class='ocrx_word' id='word_1_292' title='bbox 725 3604 811 3663; x_wconf 91' lang='lat' dir='ltr'>laude</span> <span class='ocrx_word' id='word_1_293' title='bbox 825 3604 965 3662; x_wconf 88' lang='lat' dir='ltr'>meditari.</span> 
     </span>
    </p>
   </div>
   <div class='ocr_carea' id='block_1_6' title="bbox 271 3783 1231 4045">
    <p class='ocr_par' dir='ltr' id='par_1_13' title="bbox 271 3783 1231 4045">
     <span class='ocr_line' id='line_1_34' title="bbox 311 3783 1230 3863; baseline -0.009 -15"><span class='ocrx_word' id='word_1_294' title='bbox 311 3783 380 3848; x_wconf 83' lang='lat' dir='ltr'>XIV</span> <span class='ocrx_word' id='word_1_295' title='bbox 381 3829 388 3843; x_wconf 89' lang='lat'><strong>.</strong></span> <span class='ocrx_word' id='word_1_296' title='bbox 409 3786 468 3844; x_wconf 78' lang='lat' dir='ltr'>Sed</span> <span class='ocrx_word' id='word_1_297' title='bbox 482 3806 548 3844; x_wconf 93' lang='lat' dir='ltr'>cum</span> <span class='ocrx_word' id='word_1_298' title='bbox 559 3785 665 3863; x_wconf 87' lang='lat' dir='ltr'>duplex</span> <span class='ocrx_word' id='word_1_299' title='bbox 679 3785 750 3842; x_wconf 88' lang='lat' dir='ltr'>ratio</span> <span class='ocrx_word' id='word_1_300' title='bbox 764 3784 801 3842; x_wconf 90' lang='lat' dir='ltr'>sit</span> <span class='ocrx_word' id='word_1_301' title='bbox 814 3783 954 3850; x_wconf 88' lang='lat' dir='ltr'>orationis,</span> <span class='ocrx_word' id='word_1_302' title='bbox 965 3802 1086 3860; x_wconf 90' lang='lat' dir='ltr'>quarum</span> <span class='ocrx_word' id='word_1_303' title='bbox 1099 3783 1127 3840; x_wconf 93' lang='lat' dir='ltr'>in</span> <span class='ocrx_word' id='word_1_304' title='bbox 1141 3783 1230 3840; x_wconf 87' lang='lat' dir='ltr'>altera</span> 
     </span>
     <span class='ocr_line' id='line_1_35' title="bbox 276 3872 1230 3949; baseline -0.005 -16"><span class='ocrx_word' id='word_1_305' title='bbox 276 3890 361 3933; x_wconf 77' lang='lat' dir='ltr'>sermo</span> <span class='ocrx_word' id='word_1_306' title='bbox 381 3875 425 3943; x_wconf 88' lang='lat' dir='ltr'>sit,</span> <span class='ocrx_word' id='word_1_307' title='bbox 440 3875 469 3933; x_wconf 94' lang='lat' dir='ltr'>irr</span> <span class='ocrx_word' id='word_1_308' title='bbox 488 3876 577 3933; x_wconf 86' lang='lat' dir='ltr'>altera</span> <span class='ocrx_word' id='word_1_309' title='bbox 597 3874 753 3932; x_wconf 88' lang='lat' dir='ltr'>contentio:</span> <span class='ocrx_word' id='word_1_310' title='bbox 779 3893 835 3931; x_wconf 93' lang='lat' dir='ltr'>non</span> <span class='ocrx_word' id='word_1_311' title='bbox 855 3879 899 3931; x_wconf 88' lang='lat' dir='ltr'>est</span> <span class='ocrx_word' id='word_1_312' title='bbox 917 3872 947 3930; x_wconf 94' lang='lat' dir='ltr'>id</span> <span class='ocrx_word' id='word_1_313' title='bbox 968 3872 1082 3949; x_wconf 92' lang='lat' dir='ltr'>quidem</span> <span class='ocrx_word' id='word_1_314' title='bbox 1102 3873 1230 3938; x_wconf 91' lang='lat' dir='ltr'>dubium,</span> 
     </span>
     <span class='ocr_line' id='line_1_36' title="bbox 271 3959 1231 4045; baseline -0.009 -20"><span class='ocrx_word' id='word_1_315' title='bbox 271 3964 336 4045; x_wconf 83' lang='lat' dir='ltr'>quin</span> <span class='ocrx_word' id='word_1_316' title='bbox 349 3965 492 4025; x_wconf 86' lang='lat' dir='ltr'>contentio</span> <span class='ocrx_word' id='word_1_317' title='bbox 506 3964 639 4024; x_wconf 87' lang='lat' dir='ltr'>orationis</span> <span class='ocrx_word' id='word_1_318' title='bbox 652 3964 788 4041; x_wconf 89' lang='lat' dir='ltr'>majorem</span> <span class='ocrx_word' id='word_1_319' title='bbox 802 3964 859 4021; x_wconf 90' lang='lat' dir='ltr'>vim</span> <span class='ocrx_word' id='word_1_320' title='bbox 873 3963 978 4021; x_wconf 89' lang='lat' dir='ltr'>habeat</span> <span class='ocrx_word' id='word_1_321' title='bbox 991 3961 1028 4019; x_wconf 89' lang='lat' dir='ltr'>ad</span> <span class='ocrx_word' id='word_1_322' title='bbox 1049 3961 1169 4039; x_wconf 86' lang='lat' dir='ltr'>gloriam</span> <span class='ocrx_word' id='word_1_323' title='bbox 1184 3959 1231 4039; x_wconf 85' lang='lat' dir='ltr'>(ea</span> 
     </span>
    </p>
   </div>
   <div class='ocr_carea' id='block_1_7' title="bbox 0 0 1647 4775">
    <p class='ocr_par' dir='ltr' id='par_1_14' title="bbox 0 0 1647 4775">
     <span class='ocr_line' id='line_1_37' title="bbox 0 0 1647 4775; baseline 0 0"><span class='ocrx_word' id='word_1_324' title='bbox 0 0 1647 4775; x_wconf 95' lang='lat' dir='ltr'> </span> 
     </span>
    </p>
   </div>
  </div>
 </body>
</html>
