3259 4775
357 600 395 653 54
769 609 807 647 DE
829 608 956 648 onnlcus

409 747 505 798 autem
528 738 662 816 ipsorum,
687 758 753 816 quae
777 738 897 795 honesta
924 744 998 806 sunt,
1024 745 1119 816 potest
1146 737 1273 798 incidere
1298 757 1378 819 sarpc

410 829 552 888 contentio
561 835 591 887 et
600 828 789 906 comparatio;
804 827 841 885 de
850 827 962 885 dnobus
970 828 1095 885 honestis
1105 834 1203 887 utrum
1213 829 1376 891 honestius:

377 927 394 978 3
410 919 459 997 qui
473 920 551 977 locus
565 938 582 975 a
595 919 725 977 Panaetio
739 924 784 975 est
796 919 1010 994 praetermissus.
1045 917 1121 975 Nam
1136 937 1202 977 cnm
1215 919 1310 977 omnia
1324 920 1377 982 ho.

409 1017 504 1067 nestas
524 1016 621 1066 manet
639 1028 656 1065 a
675 1008 805 1086 partibus
819 1014 963 1084 quattuor,
979 1027 1100 1086 quarum
1114 1027 1172 1066 una
1185 1008 1223 1066 sit
1236 1009 1375 1088 cognitio·

409 1100 461 1166 nis,
476 1099 565 1157 altera
585 1098 801 1164 communitatis,
823 1097 906 1155 tertia
925 1098 1169 1176 magnanimitatis,
1189 1105 1294 1176 quarta
1313 1118 1375 1158 mc·

411 1189 579 1247 derationis:
601 1189 648 1246 hae
667 1188 696 1245 in
710 1187 862 1266 deligendo
881 1187 971 1245 officio
985 1206 1063 1266 saepe
1076 1188 1149 1247 inter
1162 1207 1193 1246 se
1207 1207 1374 1267 comparen·
1396 1242 1400 1248 ,

410 1287 458 1337 tur
470 1297 585 1337 necesse
600 1285 653 1337 cst.

378 1376 395 1426 4
449 1370 548 1427 Placet
575 1369 670 1447 igitur,
695 1367 805 1445 aptiora
832 1386 893 1425 esse
921 1374 1031 1425 naturae
1058 1387 1091 1425 ea
1119 1367 1217 1436 officia,
1242 1387 1313 1445 quae·
1338 1387 1375 1427 ex

378 1470 395 1520 5
410 1459 619 1526 communitate,
634 1476 720 1535 quam
739 1476 781 1525 ea,
796 1477 862 1534 quar
882 1477 917 1515 ex
936 1457 1093 1537 cognitione
1107 1458 1265 1516 ducantur:
1287 1456 1373 1536 idque

410 1551 464 1607 hoc
478 1555 647 1626 argumento
662 1547 821 1605 confirmari
842 1555 945 1625 potest,
961 1548 1047 1625 quod,
1062 1548 1086 1604 si
1105 1548 1254 1626 contigerit
1268 1567 1302 1606 ea
1315 1549 1374 1606 vitu

410 1638 538 1716 sapienti,
559 1645 592 1696 ut
612 1639 642 1696 in
661 1638 787 1697 omnium
810 1656 906 1696 rernm
926 1638 1105 1696 affluentibus
1126 1637 1222 1714 copiisr,
1243 1637 1373 1715 quamvis

410 1729 511 1796 omnia,
526 1747 591 1806 quae
613 1728 773 1807 cognitione
793 1728 880 1806 digna
900 1729 963 1796 sint,
985 1746 1095 1784 summo
1116 1727 1175 1786 otio
1194 1745 1293 1785 secum
1312 1727 1373 1805 ipso

410 1820 568 1878 consideret
588 1826 617 1877 et
637 1818 860 1896 contempletur:
881 1825 985 1886 tamen,
995 1804 1026 1874 ⁴si
1045 1817 1169 1875 solitudo
1188 1823 1268 1874 tanta
1281 1817 1325 1886 sit,
1341 1823 1374 1875 ut

378 1910 551 1968 sshominem
575 1909 671 1966 videre
694 1928 751 1966 non
773 1908 872 1986 possit,
894 1907 1015 1965 excedat
1035 1925 1051 1964 e
1071 1907 1137 1964 vita.
1177 1906 1374 1985 Princepsque

409 2000 533 2057 omnium
557 1999 693 2055 virtutum
712 1998 760 2054 illa
779 1998 925 2075 sapientia,
946 2016 1032 2075 quam
1047 1998 1137 2072 σοφίαν
1155 1996 1250 2055 Graeci
1269 2004 1375 2056 vocant

408 2087 628 2166 —prudentiam
649 2087 732 2154 enim,
754 2105 839 2164 quam
862 2088 955 2145 Graeci
976 2086 1103 2166 ogdoadi,
1128 2087 1210 2144 aliam
1229 2087 1375 2164 quandam

408 2178 599 2256 intelligimus,
614 2195 680 2253 quae
700 2183 744 2234 est
763 2195 858 2234 rerum
872 2177 1097 2254 expetendarum
1116 2176 1375 2254 fugiendarumque

377 2269 523 2327 'Iscientia
534 2287 542 2334 ;
566 2266 613 2324 illa
633 2274 729 2324 autem
751 2267 898 2343 sapientia,
920 2286 1006 2344 quam
1027 2267 1182 2344 principem
1197 2266 1263 2334 dixi,
1278 2285 1376 2324 rerum

409 2365 453 2417 est
467 2358 623 2417 divinarum
637 2364 667 2416 et
680 2358 868 2415 humanarum
882 2356 1006 2425 scientia,
1020 2357 1048 2414 in
1062 2375 1119 2434 qua
1132 2356 1292 2415 continetur
1305 2356 1375 2415 deo·

411 2469 475 2506 rum
488 2455 518 2506 et
529 2449 677 2506 hominum
690 2448 884 2515 communitas
900 2454 930 2505 et
943 2447 1063 2505 societas
1076 2448 1150 2505 inter
1162 2447 1248 2524 ipsos.
1292 2446 1337 2504 Ea
1351 2446 1376 2505 si

409 2538 531 2596 maxima
550 2545 603 2606 est,
618 2544 651 2595 ut
671 2544 723 2605 est,
739 2527 815 2595 cerie
835 2556 950 2595 necesse
970 2537 1115 2613 estquod
1134 2556 1152 2593 a
1171 2535 1376 2595 communitate

378 2628 532 2687 8ducatu2·
551 2628 682 2696 officinm,
698 2628 727 2686 id
748 2646 809 2685 csse
830 2627 991 2685 maximum.
1033 2628 1145 2685 Etenim
1164 2626 1288 2705 cognitio
1307 2646 1375 2685 con·
1410 2613 1415 2624 ’

411 2718 614 2796 templatioque
633 2725 743 2777 naturae
764 2737 867 2794 manca
880 2716 1004 2794 quodam
1025 2716 1113 2775 modo
1134 2725 1220 2793 atque
1239 2716 1377 2775 inchoata

410 2808 455 2876 sit,
470 2808 494 2866 si
506 2809 585 2866 nulla
599 2809 672 2867 actio
686 2827 780 2866 rerum
794 2813 991 2884 consequatur.
1026 2807 1069 2864 Ea
1082 2814 1178 2865 autem
1191 2806 1266 2864 actio
1279 2806 1308 2864 in
1322 2806 1375 2865 ho·

409 2899 518 2957 minum
532 2900 686 2957 commodis
700 2897 811 2956 tuendis
826 2897 948 2953 maxime
967 2896 1098 2954 cernitur.
1139 2897 1267 2954 Pertinet
1287 2896 1377 2975 igitur

321 3009 323 3014 ·
381 2989 447 3046 9ad
468 2990 631 3048 societatem
651 2988 761 3068 generis
780 2987 905 3045 humani.
946 2986 1023 3064 Ergo
1043 2987 1109 3044 haec
1128 2985 1281 3064 cognitioni
1295 2993 1375 3045 ante·

411 3080 541 3156 ponenda
554 3087 606 3138 est.
647 3081 747 3156 Atque
766 3078 796 3136 id
817 3077 942 3156 optimus
955 3076 1072 3153 quisque
1087 3076 1193 3153 reipsa
1206 3076 1331 3134 ostendit
1346 3084 1377 3136 et

361 3170 394 3222 10
408 3169 526 3246 judicat.
568 3170 638 3238 Quis
652 3170 726 3226 enim
744 3175 788 3225 est
807 3175 868 3225 tam
881 3165 1002 3245 cupidus
1015 3166 1044 3224 in
1057 3166 1253 3244 perspicienda
1267 3185 1376 3245 cogno·

411 3259 570 3337 scendaqne
590 3277 685 3316 rerum
704 3263 815 3324 natura,
830 3263 871 3325 ut,
887 3257 911 3314 si
923 3257 949 3315 ei
962 3257 1096 3314 tractanti
1114 3256 1378 3335 contemplantique

410 3367 455 3406 res
469 3348 627 3427 cognitione
638 3346 817 3425 dignissimas
826 3347 920 3404 subito
931 3347 967 3404 sit
977 3347 1096 3405 allatum
1109 3347 1267 3426 periculum
1278 3346 1377 3407 discri-

410 3456 533 3515 menque
554 3438 664 3515 patriae,
686 3436 732 3495 cui
752 3436 900 3494 subvenire
924 3436 1111 3515 opitularique
1132 3436 1230 3516 possit,
1251 3456 1310 3496 non
1328 3437 1379 3497 illa

412 3527 505 3584 omnia
518 3527 658 3604 relinquat
671 3533 757 3603 atque
768 3525 892 3603 abjiciat,
904 3526 989 3585 etiam
1003 3526 1027 3584 si
1041 3527 1219 3586 dinumerare
1232 3545 1264 3585 se
1277 3527 1378 3588 stellas

411 3624 461 3674 aut
470 3616 562 3674 metiri
572 3616 671 3674 mundi
680 3615 906 3695 magnitudinem
918 3635 1003 3693 posse
1011 3617 1185 3675 arbitretur?
1209 3616 1310 3693 Atque
1319 3617 1379 3678 hoc

362 3714 393 3765 11
410 3706 487 3764 idem
508 3707 537 3764 in
559 3707 693 3784 parentis,
709 3706 737 3763 in
760 3704 843 3764 amici
862 3724 893 3763 re
907 3712 957 3763 aut
976 3706 1101 3784 periculo
1114 3706 1222 3765 feccrit.
1264 3706 1379 3777 Quibus
1400 3771 1404 3778 ,

411 3798 496 3855 rebus
523 3796 696 3875 intelligitur,
721 3796 821 3853 studiis
850 3796 1002 3872 officiisque
1029 3796 1153 3854 scientiae
1180 3797 1379 3874 praeponenda

411 3906 474 3946 esse
495 3887 586 3945 officia
605 3886 732 3965 justitiae,
749 3904 817 3963 quae
840 3885 984 3964 pertinent
998 3885 1036 3943 ad
1055 3885 1202 3944 hominum
1217 3885 1379 3959 canutam,

412 3998 469 4057 qua
482 3977 551 4035 nihil
564 3976 669 4036 homini
683 3994 745 4033 esse
759 3975 847 4034 debet
860 3974 1010 4061 antiquius.
