3259 4775
652 628 739 666 unna
752 628 783 668 11.
826 629 891 668 car.
908 631 978 670 xvn.
1288 612 1325 674 'lh

302 758 445 817 cultatem
458 757 584 814 fructum
597 756 758 816 divitiarum
772 766 864 835 putat.
907 759 977 817 Mihi
991 767 1088 818 autem
1101 760 1148 819 ille
1162 761 1273 820 fructus
1288 772 1306 823 δ

302 846 489 915 liberalitate,
505 846 588 925 cujus
609 865 701 924 pauca
716 848 852 926 exempla
873 849 963 926 posui,
979 850 1070 907 multo
1083 857 1113 908 et
1130 851 1224 929 major
1233 852 1273 910 vi-

301 937 392 996 detur
405 944 435 995 et
454 937 563 996 certior.
606 937 721 1006 Quanto
734 937 834 995 Aristo
849 939 925 996 Ceus
945 939 1060 1017 gravius
1074 950 1104 999 et
1118 941 1211 999 verius
1225 948 1306 1000 nost

302 1027 499 1106 reprehendit,
513 1027 562 1104 qui
583 1027 636 1085 has
656 1027 841 1104 pecuniarum
860 1028 1009 1086 effusiones
1023 1048 1080 1087 non
1093 1030 1273 1100 admiremur,

303 1136 373 1196 quae
387 1118 460 1175 fiunt
479 1117 517 1174 ad
536 1116 749 1175 multitudinem
764 1117 972 1177 deliniendam:
994 1126 1024 1175 at
1037 1119 1064 1186 ii,
1079 1120 1128 1196 qui
1141 1120 1178 1178 ab
1192 1121 1274 1180 hoste
1290 1123 1306 1180 t

302 1207 483 1275 obsidentur,
500 1207 524 1264 si
545 1225 640 1265 emere
660 1226 744 1283 aqua
764 1208 917 1266 sextarium
938 1208 1014 1265 mina
1028 1216 1205 1286 cogerentur,
1220 1210 1274 1268 hoc

304 1298 401 1377 primo
421 1297 522 1354 auditu
541 1296 704 1355 incredibile
722 1297 804 1355 nobis
818 1297 914 1365 videri,
930 1317 1085 1375 omnesque
1097 1299 1199 1367 mirari,
1215 1299 1274 1367 sed,

305 1407 373 1446 cum
395 1386 575 1456 attenderint,
589 1386 700 1446 veniam
720 1386 881 1445 necessitati
894 1388 981 1456 dare;
1001 1388 1030 1446 in
1048 1388 1093 1446 his
1106 1388 1274 1449 immanibus
1291 1398 1308 1450 8

301 1478 425 1558 jacturis
438 1476 607 1555 infinitisque
620 1477 782 1555 sumptibus
796 1477 864 1535 nihil
878 1497 930 1535 nos
943 1498 1048 1558 magno
1063 1498 1149 1557 opere
1163 1480 1274 1548 mirari;

303 1587 372 1628 cum
397 1567 557 1646 praesertim
577 1586 670 1643 neque
694 1568 856 1626 necessitati
876 1569 1068 1637 subveniatur,
1085 1588 1138 1627 nec
1153 1570 1275 1649 dignitas

303 1664 457 1737 augeatur,
477 1657 596 1735 ipsaque
620 1658 669 1716 illa
690 1657 842 1716 delectatio
865 1658 1053 1716 multitudinis
1073 1660 1110 1717 sit
1129 1660 1168 1717 ad
1189 1662 1276 1719 breve

304 1748 499 1827 exiguumque
519 1754 644 1825 tempus,
659 1766 749 1826 eaque
772 1766 789 1804 a
809 1748 951 1806 levissimo
971 1767 1100 1824 quoque:
1121 1749 1150 1806 in
1163 1769 1220 1826 quo
1233 1757 1276 1807 ta·

304 1857 373 1897 men
394 1837 457 1915 ipso
476 1856 533 1895 una
553 1857 620 1896 cum
640 1838 779 1905 satietate,
794 1838 931 1895 memoria
945 1856 1059 1914 quoque
1077 1838 1214 1896 moriatur
1227 1859 1275 1897 vo-

305 1928 435 2007 luptatis.
477 1928 555 1986 Bene
575 1928 661 1986 etiam
681 1927 796 2006 colligit,
816 1929 879 1985 haec
900 1927 994 2004 pueris
1013 1934 1043 1985 et
1061 1928 1232 1986 mulierculis
1246 1937 1308 1990 etl)

305 2019 399 2077 servis
419 2024 449 2076 et
468 2036 614 2076 servorum
635 2018 781 2076 simillimis
801 2017 896 2076 liberis
912 2036 975 2075 esse
993 2025 1094 2096 grata;
1115 2018 1196 2096 gravi
1208 2039 1276 2078 vero

305 2108 423 2177 homini,
438 2117 467 2167 et
487 2127 530 2176 ea,
550 2127 616 2185 quae
636 2108 716 2176 fiunt,
735 2108 844 2186 judicio
864 2115 942 2166 certo
964 2108 1140 2185 ponderanti,
1162 2110 1277 2187 probari

305 2218 393 2278 posse
412 2198 490 2256 nullo
509 2198 604 2256 modo.
648 2200 829 2275 Quamquam
850 2198 987 2275 intelligo,
1002 2198 1031 2256 in
1051 2207 1149 2256 nostra
1162 2200 1276 2258 civitate
1292 2207 1328 2259 10

304 2290 478 2350 inveterasse
489 2288 549 2366 jam
564 2288 646 2346 bonis
660 2288 846 2365 temporibus,
861 2294 894 2345 ut
908 2288 1044 2365 splendor
1057 2289 1225 2348 aedilitatum
1239 2292 1276 2348 ab

303 2380 421 2459 optimis
434 2379 499 2437 viris
519 2380 687 2457 postuletur.
731 2379 834 2456 Itaque
850 2385 880 2436 et
895 2379 929 2438 P.
946 2379 1075 2447 Crassus,
1091 2400 1157 2438 cum
1172 2399 1275 2460 cogno-
1292 2389 1325 2439 11

304 2471 381 2529 mine
406 2469 494 2536 dives,
515 2476 579 2527 tum
601 2469 697 2547 copiiS,
719 2470 835 2527 functus
856 2477 900 2526 est
925 2468 1045 2527 aedilieio
1064 2470 1189 2529 maximo
1212 2492 1275 2529 mu-

303 2580 382 2630 nere,
398 2567 428 2618 et
448 2559 535 2637 paulo
556 2566 622 2637 post
642 2560 674 2616 L.
692 2559 813 2617 Crassus
828 2579 893 2617 cum
907 2560 1033 2617 omnium
1053 2561 1200 2618 hominum
1214 2581 1275 2619 mo-

304 2649 492 2718 deratissimo,
516 2649 550 2718 Q.
572 2649 675 2717 Mucio,
697 2649 975 2727 magnificentissima
999 2650 1133 2708 aedilitate
1161 2651 1277 2709 functus

305 2749 369 2801 est:
391 2739 495 2799 deinde
518 2739 551 2797 Ο.
574 2739 721 2805 Claudius,
736 2737 828 2816 Appii
845 2739 936 2797 filius:
966 2740 1049 2796 multi
1069 2747 1143 2818 post,
1158 2739 1279 2808 Luculli,

306 2829 486 2896 Hortensius,
502 2828 623 2887 Silanus.
653 2829 759 2886 Omnes
773 2836 871 2886 autem
884 2829 917 2887 P.
930 2829 1078 2897 Lentulus,
1090 2848 1135 2887 me
1151 2831 1274 2897 consule,
1292 2836 1327 2888 12

306 2922 373 2981 vicit
386 2918 556 2998 superiores
590 2919 677 2977 Hunc
692 2927 736 2976 est
750 2918 875 2976 Scaurus
889 2919 1024 2976 imitatus.
1059 2918 1276 2997 Magnificentis-

305 3012 379 3070 sima
390 3029 460 3068 vero
473 3009 562 3067 nostri
575 3009 704 3086 Pompeii
717 3028 836 3066 munera
850 3007 976 3065 secundo
990 3007 1155 3065 consulatu:
1176 3007 1205 3064 in
1215 3009 1276 3085 qui-

306 3103 361 3161 bus
372 3099 505 3159 omnibus
515 3099 583 3177 quid
594 3099 662 3158 mihi
673 3100 797 3176 placeat,
810 3098 897 3155 videa.
932 3097 1030 3154 XVII.
1045 3096 1171 3154 Vitanda
1182 3104 1277 3156 tamen

305 3190 431 3271 suspicio
445 3197 489 3248 est
502 3190 634 3248 avaritiae.
677 3190 834 3257 Mamerco,
851 3187 957 3246 homini
971 3187 1144 3255 divitissimo,
1160 3196 1275 3266 praeter·

305 3281 403 3341 missio
425 3281 567 3340 aedilitatis
588 3280 753 3338 consulatus
774 3280 920 3357 repulsam
940 3278 1045 3337 attulit.
1088 3279 1183 3347 Quare
1197 3285 1235 3348 et,
1251 3280 1307 3338 sit

293 3371 471 3455 postulatur
484 3391 502 3430 a
515 3371 631 3451 popule,
646 3371 728 3429 bonis
743 3371 808 3428 viris
828 3371 851 3427 si
865 3389 922 3427 non
937 3369 1172 3436 desiderantibus
1190 3375 1220 3426 at
1234 3377 1276 3427 ta-

305 3481 374 3521 men
385 3462 620 3540 approbantibus,
630 3460 791 3519 faciendum
802 3467 855 3528 est,
864 3461 951 3518 modo
962 3479 1015 3538 pro
1025 3459 1217 3528 facultatibus,
1226 3480 1278 3518 nos

304 3552 361 3633 ipsi
380 3559 415 3610 ut
434 3552 572 3620 fecimus3
593 3559 630 3618 et,
646 3551 669 3608 si
683 3551 798 3629 quando
812 3551 907 3628 aliqua
921 3570 965 3607 res
980 3550 1071 3627 major
1084 3557 1170 3626 atque
1184 3551 1279 3609 utilior

303 3642 441 3723 populari
462 3642 609 3721 largitione
629 3641 802 3718 acquiritur;
830 3649 863 3698 ut
884 3640 978 3698 Oresti
999 3659 1091 3717 nuper
1111 3640 1230 3717 prandia
1249 3641 1278 3696 in

300 3732 415 3792 semitis
430 3730 558 3790 decumae
571 3731 683 3789 nomine
696 3750 801 3810 magno
816 3731 917 3788 honori
937 3730 1060 3788 fuerunt.
1102 3730 1148 3788 Ne
1162 3729 1201 3788 M.
1217 3729 1276 3806 qui·
1293 3736 1309 3785 3

299 3823 375 3883 dem
400 3821 467 3879 Seio
486 3822 553 3880 vitio
575 3821 675 3879 datum
695 3827 747 3888 est,
768 3820 847 3897 quod
872 3821 901 3878 in
922 3820 1038 3878 caritate
1063 3839 1126 3876 asse
1150 3818 1277 3877 modium

296 3910 418 3997 populo
432 3910 519 3969 dedit.
550 3911 658 3988 Magna
672 3910 745 3968 enim
760 3929 790 3968 se
804 3917 834 3967 et
847 3911 1004 3968 inveterata
1017 3909 1121 3966 invidia
1134 3927 1187 3966 nec
1201 3906 1279 3983 turpi

293 4004 429 4089 jactura,
444 4001 558 4078 quando
573 4007 634 4059 oret
650 4000 747 4068 aedilis
762 4019 816 4058 nec
828 4000 952 4057 maxima
967 3997 1104 4056 liberavit.
1146 3995 1206 4054 Sed
1225 3996 1276 4055 ho·
1291 4001 1310 4054 4
