3259 4775
370 585 426 638 120
795 598 833 636 nn
849 599 978 639 orrrcus

387 734 405 786 9
419 746 450 785 se
463 727 671 786 adolescentem
682 728 767 805 jussit
780 729 882 787 venire.
924 728 967 786 At
980 728 1034 797 ille,
1049 735 1083 787 ut
1096 729 1248 809 ingressis
1261 737 1315 806 est,
1329 748 1388 788 con·

419 817 513 875 testim
526 817 654 896 gladium
667 818 824 887 destrinxit,
836 820 1006 898 juravitque,
1016 839 1047 878 se
1057 819 1139 878 illum
1150 821 1253 879 statim
1265 820 1385 880 intersec-

419 915 524 976 turum,
540 908 591 965 nisi
611 908 659 986 jus
681 909 836 986 jurandum
851 910 985 978 dedisset,
1001 929 1031 968 se
1053 917 1167 988 patrem
1189 912 1311 969 missum
1329 928 1382 970 esso

368 1004 405 1057 10
418 999 574 1057 facturum.
616 999 728 1057 duravit
742 999 796 1057 hoc
811 1008 927 1058 coactus
941 1007 1047 1058 terrore
1060 1000 1243 1079 Pomponius
1251 1020 1260 1070 ;
1280 1019 1337 1059 rem
1348 999 1377 1058 ed

420 1090 559 1167 populum
585 1089 705 1157 detulit;
727 1089 832 1158 docuit,
853 1110 905 1149 cur
932 1090 985 1148 sibi
1006 1109 1093 1149 causa
1116 1090 1256 1150 desistere
1277 1108 1376 1149 necess

369 1186 403 1239 11
421 1186 512 1246 esset;
535 1180 672 1236 Manlium
692 1179 810 1237 missum
830 1180 898 1238 fecit
948 1181 1070 1238 Tantum
1083 1181 1263 1259 temporibus
1275 1181 1327 1239 illis
1335 1181 1373 1258 ja

417 1270 570 1350 jurandum
586 1269 706 1327 valebat.
748 1270 848 1347 Atque
862 1270 907 1328 hic
921 1271 952 1329 Τ.
963 1270 1086 1328 Manlius
1099 1270 1124 1329 is
1137 1283 1191 1340 est,
1206 1271 1255 1349 qni
1268 1271 1304 1329 ad
1316 1270 1371 1328 Ani·

420 1380 502 1417 enem
518 1360 600 1428 Galli,
616 1379 700 1437 quem
724 1360 817 1418 abeo
839 1368 1012 1439 provocatus
1035 1360 1190 1430 occiderat,
1211 1369 1310 1440 torque
1332 1359 1369 1418 de

421 1457 519 1516 tracto,
535 1468 692 1526 cognomen
713 1449 834 1508 invenit:
857 1451 939 1530 cujus
960 1450 1043 1509 tertio
1064 1452 1217 1510 consulatu
1236 1450 1324 1509 Latini
1339 1448 1367 1506 ad

421 1539 550 1597 Veserim
564 1540 621 1597 susi
641 1546 670 1597 et
690 1540 789 1618 fugati.
833 1540 957 1619 Magnus
971 1541 1014 1599 vir
1027 1542 1056 1598 in
1069 1542 1175 1619 primis,
1191 1548 1221 1601 et
1234 1541 1282 1620 qui
1294 1539 1367 1621 perin-

419 1629 541 1708 dulgens
555 1629 583 1686 in
597 1637 716 1707 patrem,
732 1630 808 1688 idem
821 1632 923 1689 acerbe
937 1650 1052 1690 severus
1066 1632 1095 1689 in
1109 1631 1207 1691 filium'

460 1811 582 1869 XXXII.
598 1810 656 1869 Sed
667 1817 700 1868 nt
710 1810 870 1869 laudandus
884 1811 1015 1890 Regulus
1024 1810 1052 1869 in
1063 1812 1257 1871 conservando
1267 1812 1325 1890 jure
1333 1808 1365 1887 jn-

419 1902 518 1969 rando,
534 1902 573 1959 sic
588 1902 687 1959 decem
701 1901 749 1968 illi,
764 1921 836 1978 quos
851 1908 918 1979 post
932 1902 1111 1960 Cannensem
1132 1922 1262 1981 pugnam
1277 1891 1366 1980 jur-slot

421 1993 458 2050 ad
473 1998 601 2050 senatum
616 1992 691 2049 misit
705 1991 857 2059 Hannibal,
869 2011 899 2050 se
912 1992 941 2049 in
956 2000 1049 2050 castra
1062 1991 1205 2050 redituros
1219 1995 1366 2069 eaquolun

421 2088 501 2140 erant
514 2080 597 2159 potiti
610 2082 702 2149 Poeni,
716 2081 769 2138 nisi
782 2081 819 2139 de
833 2082 1005 2140 redimendis
1020 2082 1138 2160 captivis
1152 2081 1366 2160 impetravissent

390 2173 445 2231 tsi
464 2191 521 2229 non
540 2171 693 2240 redierunt,
715 2172 903 2250 vituperandi.
945 2173 990 2230 De
1011 2173 1114 2250 quibus
1135 2191 1193 2230 non
1215 2190 1309 2230 omnes
1327 2183 1367 2227 unt

421 2264 515 2322 modo.
551 2264 628 2321 Nam
640 2263 787 2341 Polybius
797 2264 890 2321 bonus
903 2269 1002 2321 auctor
1014 2264 1044 2321 in
1057 2263 1163 2341 primis,
1178 2281 1216 2321 ex
1230 2263 1324 2321 decem
1333 2275 1368 2317 no

421 2354 570 2420 bilissimis,
585 2353 708 2431 quitum
723 2360 803 2411 erant
816 2354 902 2422 missi,
916 2372 1020 2412 novem
1034 2353 1183 2412 revertisse
1199 2349 1301 2433 [dicit],
1314 2364 1369 2409 ase

421 2452 492 2501 natu
505 2463 535 2500 re
545 2463 601 2499 non
615 2443 778 2520 impetrata:
794 2465 884 2502 unum
895 2463 930 2502 ex
941 2444 1048 2512 decem,
1060 2444 1108 2521 qui
1121 2444 1209 2521 paulo
1220 2452 1293 2522 post,
1304 2455 1369 2520 qnam

423 2552 554 2612 egressus
574 2540 635 2588 erat
652 2553 667 2590 e
682 2535 789 2602 castris,
805 2535 933 2602 redisset,
949 2535 1030 2612 quasi
1051 2534 1157 2611 aliquid
1180 2541 1258 2592 esset
1278 2533 1370 2594 oblitus·
1409 2582 1413 2615 4

390 2632 407 2684 3
422 2625 522 2682 Romae
536 2623 713 2680 remansisse.
756 2625 863 2682 Reditu
877 2625 951 2683 enim
965 2625 993 2681 in
1007 2631 1101 2682 castra
1120 2624 1273 2683 liberatum
1287 2642 1315 2683 se
1327 2635 1371 2681 esst
1410 2618 1413 2703 l

419 2716 484 2794 jure
496 2713 619 2791 jurando
632 2714 880 2792 interpretabatur.
922 2715 988 2772 Non
1001 2721 1095 2773 recte:
1113 2714 1191 2772 frans
1206 2715 1281 2772 enim
1294 2711 1371 2771 asnn·
1411 2732 1413 2779 ;

390 2805 679 2886 aganonnasoiva
693 2805 858 2883 perjurium.
890 2805 958 2863 aaa
972 2805 1059 2883 igitur
1069 2805 1158 2863 aua
1170 2805 1316 2872 calliditas,
1326 2816 1373 2882 pn-
1411 2782 1413 2815 ¹

422 2917 503 2955 verse
522 2896 631 2954 imitata
652 2895 842 2974 prudentiam.
884 2897 987 2972 Itaque
1009 2895 1135 2952 decrevit
1155 2903 1280 2965 senatus,
1294 2902 1326 2952 ut
1342 2888 1374 2950 ille

289 3001 291 3005 '
392 2994 566 3047 oveterator
579 2995 609 3044 et
624 2986 742 3044 callidus
758 2986 869 3044 vinctus
883 2985 920 3042 ad
935 2985 1124 3043 Hannibalem
1139 2984 1300 3044 duceretur.
1332 2975 1375 3041 sed

424 3077 494 3135 illud
508 3078 679 3135 maximum:
702 3084 767 3134 octo
781 3075 928 3134 hominum
948 3075 1024 3133 milia
1038 3075 1154 3132 tenebat
1168 3075 1321 3142 Hannibal,
1335 3085 1376 3130 non

424 3187 495 3243 quos
516 3167 545 3223 in
565 3168 625 3227 acie
646 3167 776 3244 cepisset,
793 3173 843 3223 aut
864 3166 913 3243 qui
934 3165 1059 3243 periculo
1080 3166 1180 3223 mortis
1203 3163 1376 3244 diffugissent

424 3256 476 3313 sed
498 3256 547 3332 qui
566 3256 655 3312 relicti
675 3257 703 3312 in
725 3256 824 3313 castris
838 3256 958 3314 fuissent
971 3275 988 3312 a
1001 3255 1093 3313 Paulo
1108 3261 1138 3312 ot
1150 3273 1168 3311 a
1183 3255 1313 3313 Varrone
1327 3268 1378 3312 con·

393 3351 409 3401 6
425 3345 541 3402 sulibus.
583 3345 640 3401 Eos
655 3352 769 3401 senatus
783 3366 840 3403 non
855 3347 964 3404 censuit
977 3345 1165 3412 redimendos,
1182 3365 1250 3403 cum
1262 3346 1292 3404 id
1306 3354 1379 3423 pam

425 3435 543 3510 pecunia
566 3434 626 3491 fieri
646 3442 759 3510 posset:
781 3443 814 3493 ut
837 3444 913 3494 esset
932 3437 1047 3494 insitum
1066 3436 1201 3494 militibus
1222 3436 1325 3494 nostris
1342 3433 1381 3491 aul

394 3523 409 3582 7
425 3523 543 3589 vincere,
559 3531 609 3579 aut
623 3523 718 3581 emori.
754 3525 818 3594 Qua
832 3527 948 3604 quidem
961 3546 993 3584 re
1008 3526 1114 3594 audita,
1128 3527 1255 3584 fractum
1270 3527 1381 3584 animun

426 3611 591 3668 Hannibalis
605 3613 701 3671 scribit
714 3614 799 3682 idem,
815 3617 892 3693 quod
907 3624 1022 3675 senatus
1044 3616 1226 3694 populusque
1247 3616 1383 3674 Romanus

394 3709 411 3760 8
426 3701 511 3758 rebus
522 3701 631 3758 afflictis
644 3710 704 3759 tam
715 3706 826 3763 excelso
837 3707 930 3764 animo
943 3707 1051 3765 fuisset.
1084 3707 1131 3765 Sic
1144 3707 1304 3764 honestatis
1317 3719 1383 3764 com·

395 3798 411 3851 9
426 3791 570 3869 paratione
585 3809 626 3860 ea,
639 3812 703 3869 quae
720 3794 852 3853 videntur
864 3797 952 3865 utilia,
967 3798 1128 3855 vincuntur.
1162 3797 1274 3854 Acilius
1288 3802 1383 3856 autem»

426 3881 475 3959 qui
491 3881 593 3939 Graeoe
612 3881 724 3959 scripsit
745 3883 899 3954 historiam,
916 3887 1013 3964 plures
1032 3888 1072 3945 ait
1085 3887 1180 3954 fnisse,
1196 3887 1288 3964 quiin
1302 3891 1384 3944 casus

426 3969 614 4039 revertissent,
627 3971 727 4030 eadem
741 3973 850 4043 fraude,
867 3984 899 4033 ut
910 3978 975 4055 jure
987 3976 1111 4056 jurando
1124 3977 1320 4046 liberarentur,
1331 3970 1383 4035 eder
