3259 4775
355 547 393 601 24
772 560 810 599 na
826 558 953 601 ormena

407 691 493 750 etiam
513 697 558 748 est
579 689 708 768 ejusdem
730 708 793 747 esse
813 689 941 748 civitatis.
983 688 1076 747 Multa
1093 689 1168 748 enim
1186 698 1254 751 sunt
1267 692 1373 755 civibus

407 781 531 840 intereo
551 780 726 839 communia:
746 780 850 848 forum,
870 780 944 848 sana,
966 780 1100 858 porticus,
1115 780 1177 851 viae,
1191 781 1280 861 leges,
1299 785 1372 863 jura,

404 871 520 951 judicia,
535 871 679 949 suffragia,
701 871 920 929 consuetudines
941 879 1084 949 praeterea
1107 877 1137 929 et
1160 871 1372 944 familiaritates,

407 961 560 1040 multisque
574 982 640 1020 cum
654 961 750 1020 multis
764 981 809 1019 res
823 962 1004 1039 rationesque
1017 967 1181 1022 contractae.

375 1059 392 1112 8
447 1052 547 1127 Artior
565 1071 634 1110 vcro
657 1052 801 1131 colligatio
821 1059 866 1111 est
887 1051 1029 1110 societatis
1051 1051 1285 1131 propinquorum.
1326 1054 1373 1115 Ab

407 1144 456 1201 illa
475 1143 550 1202 enim
570 1143 708 1202 immensa
726 1143 862 1201 societate
882 1143 998 1201 humani
1011 1143 1123 1221 generis
1136 1143 1165 1201 in
1178 1143 1314 1223 exiguum
1327 1164 1374 1205 an·

375 1240 394 1293 4
408 1242 583 1314 gustumque
594 1234 780 1294 concluditur.
821 1233 899 1292 Nam
912 1252 978 1292 cum
991 1233 1096 1293 sithoc
1109 1240 1213 1292 natura
1225 1253 1375 1295 commune

409 1325 603 1394 animantium,
616 1332 650 1383 ut
663 1325 788 1383 habeant
807 1323 963 1382 lubidinem
985 1312 1161 1403 procreandi,
1177 1324 1270 1402 prima
1289 1326 1375 1385 socie·

409 1423 454 1473 tas
466 1415 571 1493 inipso
585 1414 717 1494 conjugio
731 1421 776 1473 est
784 1433 791 1482 ;
813 1414 942 1492 proxima
959 1414 988 1473 iu
1007 1414 1118 1484 liberis;
1138 1414 1242 1475 deinde
1255 1416 1377 1477 unedo·

408 1526 482 1574 mus,
497 1506 659 1564 communia
672 1505 775 1564 omnia.
817 1505 854 1563 Id
876 1512 973 1564 autem
994 1512 1039 1564 est
1063 1505 1234 1584 principium
1246 1507 1335 1577 urbis,
1349 1513 1379 1567 et

376 1606 393 1657 5
409 1596 490 1675 quasi
510 1595 692 1654 seminarium
709 1596 750 1654 rei
769 1595 902 1673 publicae.
945 1595 1112 1673 Sequuntur
1124 1596 1246 1656 fratrum
1260 1598 1378 1677 eonjun·
1417 1664 1420 1675 Ι

408 1688 524 1754 ctiones,
540 1694 608 1765 post
629 1686 862 1746 consobrinorum
886 1686 1138 1764 sobrinorumque:
1159 1689 1209 1765 qui
1233 1707 1300 1747 cum
1322 1708 1380 1748 una
1417 1684 1420 1755 Ῑ

409 1778 496 1837 domo
511 1778 573 1857 jam
587 1777 651 1856 capi
663 1797 721 1837 non
739 1778 857 1857 possint,
872 1777 901 1835 in
917 1777 987 1835 alias
1002 1777 1112 1846 domoS,
1126 1783 1276 1855 tamquam
1290 1778 1319 1837 in
1334 1798 1380 1838 co

377 1875 394 1928 6
408 1870 507 1939 lenias,
519 1877 631 1928 exeunt.
667 1868 835 1947 Sequuntur
845 1868 985 1928 connubia
1000 1875 1029 1926 et
1042 1868 1205 1926 affinitates:
1227 1869 1381 1948 exquibus

409 1962 495 2020 ctiam
517 1961 614 2039 plures
632 1960 792 2038 propinqui.
835 1960 909 2029 Quae
929 1958 1100 2037 propagatio
1120 1966 1150 2017 et
1170 1958 1286 2018 suboles
1301 1960 1382 2040 origo

410 2059 455 2110 est
467 2070 562 2108 rerum
576 2050 763 2127 publicarum.
806 2048 958 2128 Sanguinis
972 2056 1069 2107 autem
1083 2048 1245 2126 conjunctio
1259 2056 1290 2109 et
1303 2049 1382 2110 beni·

409 2141 532 2200 volentia
543 2140 666 2199 devincit
678 2140 807 2198 homines
821 2147 851 2198 et
865 2140 991 2199 caritate.
1035 2140 1174 2219 Magnum
1187 2146 1232 2198 est
1245 2140 1321 2200 enim
1335 2160 1383 2200 ca·

411 2232 478 2290 dem
491 2232 598 2290 habere
610 2237 795 2290 monumenta
807 2231 959 2310 majorum,
971 2230 1078 2289 eisdem
1089 2230 1132 2289 uti
1143 2230 1238 2299 sacris,
1249 2231 1384 2310 sepulcra

410 2322 516 2381 habere
530 2321 701 2380 communia.
1175 2385 1178 2390 ⁸

378 2415 395 2474 't
451 2414 510 2471 Sed
537 2413 663 2472 omnium
697 2412 866 2471 societatum
892 2412 971 2470 nulla
1004 2412 1187 2490 praestantior
1221 2421 1274 2482 est,
1304 2413 1385 2472 nulla

411 2504 523 2572 firmior,
539 2522 624 2582 quam
640 2523 705 2562 cum
723 2502 775 2561 viri
794 2502 871 2572 boni,
886 2503 1013 2562 moribus
1033 2502 1146 2571 similes
1162 2511 1229 2561 sunt
1241 2504 1384 2563 familiari·

410 2600 470 2652 tate
484 2594 636 2672 conjuncti.
677 2594 755 2652 Illud
775 2593 851 2652 enim
871 2595 1024 2653 honestum
1038 2594 1129 2672 (quod
1149 2613 1229 2673 saepe
1250 2593 1384 2677 dicimus)

412 2685 498 2743 etiam
513 2685 580 2743 siin
592 2685 647 2744 elio
662 2684 812 2752 cernimus,
827 2692 924 2742 tamen
943 2703 996 2742 nos
1009 2691 1106 2743 movet
1120 2691 1207 2762 atque
1219 2684 1267 2753 illi,
1282 2685 1386 2764 inquo

380 2783 397 2836 8
411 2776 442 2834 id
455 2776 546 2834 inesse
558 2775 679 2844 videtur,
695 2775 800 2834 amieos
820 2775 896 2834 facit.
937 2775 975 2833 Et
995 2793 1167 2853 quamquam
1189 2775 1280 2833 omnis
1293 2776 1385 2836 virtus

411 2887 463 2926 nos
484 2867 522 2925 ad
544 2886 575 2925 se
595 2865 681 2925 allicit
700 2865 834 2944 facitque,
849 2871 883 2923 ut
902 2884 952 2924 eos
971 2864 1131 2944 diligamus,
1146 2865 1176 2923 in
1196 2866 1301 2944 quibus
1320 2866 1385 2945 ipsa

411 2958 503 3017 inesse
516 2958 662 3017 videatur:
684 2964 780 3017 tamen
799 2955 919 3035 justitia,
931 2961 963 3015 et
976 2956 1129 3014 liberalitas
1143 2955 1173 3013 id
1186 2956 1310 3015 maxime
1324 2957 1385 3015 effi·

380 3049 459 3109 9cit.
501 3050 580 3109 Nihil
594 3055 691 3108 autem
705 3055 749 3108 est
762 3046 910 3106 amabilius
922 3065 975 3106 nee
989 3046 1157 3125 copulatius,
1169 3065 1256 3124 quam
1270 3066 1385 3106 morum
1418 3055 1422 3068 '

412 3140 569 3199 similitudo
592 3140 741 3199 bonorum.
782 3139 818 3197 In
842 3138 947 3217 quibus
967 3137 1042 3196 enim
1066 3136 1168 3196 eadem
1192 3137 1287 3196 studia
1306 3143 1384 3207 sunt,

412 3230 523 3288 eaedem
544 3230 715 3298 voluntates,
739 3229 768 3287 in
791 3229 836 3286 his
860 3230 901 3297 fit,
926 3235 960 3286 ut
980 3247 1064 3306 aeque
1084 3227 1203 3306 quisque
1223 3229 1314 3287 altero
1334 3227 1385 3287 de·

411 3320 541 3387 lectctnr,
556 3338 590 3377 ac
603 3338 634 3377 sc
648 3319 726 3396 ipso:
749 3319 926 3396 efficiturque
938 3318 978 3387 id,
993 3319 1071 3397 quod
1083 3318 1266 3397 Pythagoras
1279 3318 1342 3376 vult
1356 3318 1386 3376 in

361 3416 399 3469 10
413 3409 544 3477 amicitia,
558 3416 592 3467 ut
611 3428 686 3466 unus
709 3408 760 3466 fiat
781 3427 818 3466 ex
839 3409 978 3486 pluribus.
1019 3408 1127 3487 Magna
1146 3409 1232 3467 etiam
1244 3408 1292 3467 illa
1307 3428 1385 3467 com·

413 3499 536 3557 munitas
550 3504 602 3568 est,
617 3518 683 3577 quae
697 3499 843 3558 conficitur
863 3518 899 3557 ex
920 3499 1062 3559 beneficiis
1082 3498 1158 3557 ultro
1177 3506 1207 3557 et
1225 3499 1295 3557 citro
1309 3499 1387 3559 datis

413 3590 608 3668 acceptisque:
630 3609 695 3668 quae
711 3596 740 3648 et
754 3596 854 3647 mutua
868 3595 897 3647 et
910 3598 994 3669 grata
1007 3589 1077 3648 dum
1091 3596 1166 3658 sunt,
1177 3590 1251 3648 inter
1264 3608 1337 3668 quos
1351 3609 1388 3649 ea

414 3686 481 3736 sunt
493 3680 574 3737 firma
587 3680 783 3738 devinciuntur
796 3680 940 3739 societate.

364 3775 398 3829 11
455 3769 514 3828 Sed
538 3791 604 3829 cum
626 3771 719 3828 omnia
740 3770 849 3829 ratione
869 3770 1019 3848 animoque
1038 3771 1177 3838 lustraris,
1193 3769 1319 3828 omnium
1340 3790 1387 3829 so-

414 3859 550 3919 cietatum
570 3860 648 3919 nulla
670 3867 714 3919 est
735 3861 857 3940 gravior,
872 3861 951 3919 nulla
965 3861 1062 3929 carior,
1078 3879 1165 3939 quam
1178 3878 1222 3928 ea,
1237 3879 1303 3938 quae
1319 3879 1388 3919 eum

365 3956 401 4010 12
416 3970 447 4008 re
462 3951 576 4029 publica
589 3958 634 4008 est
648 3951 797 4029 unicuique
818 3956 956 4009 nostrum.
998 3951 1065 4009 (lari
1085 3958 1151 4008 sunt
1172 3956 1313 4029 parentes,
1328 3950 1388 4011 oan'
