3259 4775
381 412 418 464 ‘ld
795 426 832 464 na
848 425 974 465 currens

347 539 351 546 ¹
400 559 417 611 6
472 554 692 634 Intelligendum
715 561 761 612 est
786 563 892 622 autem,
921 574 988 613 cum
1022 555 1170 632 proposita
1203 554 1258 612 sint
1292 572 1424 634 gene!

432 651 574 720 quattuor,
590 645 742 722 exquibus
762 645 898 703 honestas
920 645 1099 722 officiumque
1120 651 1257 713 manaret,
1272 644 1424 723 splen!-

332 685 365 780 β
431 734 907 813 dissimumvideri‚quodanimo
927 752 1061 812 magno
1080 734 1424 812 elatoquehumax

399 824 416 882 't
431 843 519 901 esque
532 843 578 883 res
591 825 763 902 despiciente
782 825 892 883 factum
905 825 949 882 sit.
992 826 1094 901 Itaque
1107 824 1137 882 in
1150 825 1260 902 probris
1274 826 1424 884 marin

429 915 458 972 in
471 922 607 994 promptu
620 923 672 983 est,
687 915 791 991 siquid
805 915 863 972 tale
876 914 931 972 dici
945 921 1056 992 potest:

521 1048 575 1107 Vos
587 1052 692 1117 etenim,
700 1050 822 1124 juvares,
836 1050 964 1106 animum
974 1049 1070 1123 qoam
1083 1048 1252 1116 muliebrem,

517 1140 573 1199 ltta
587 1142 682 1213 cirapo
695 1140 758 1198 uiri.

428 1276 466 1332 Et
479 1274 584 1351 siquid
597 1271 751 1351 ejusmodi:

517 1407 652 1473 salman,
669 1406 706 1461 da
720 1406 817 1480 spolie
833 1406 890 1462 siue
903 1406 1001 1462 sudore
1014 1414 1039 1462 et
1053 1407 1194 1480 sanquine.

298 1623 301 1630 ,
397 1548 414 1599 8
430 1542 593 1619 Contraque
614 1539 643 1597 iu
665 1538 805 1606 laudibus,
821 1557 886 1615 quae
906 1557 1011 1616 magno
1025 1539 1117 1597 animo
1130 1539 1241 1597 fortiter
1255 1542 1424 1601 excellen

428 1638 529 1708 terque
552 1637 635 1709 gesta
658 1636 732 1696 sunt,
754 1646 788 1686 ea
809 1628 904 1687 nescio
928 1628 1070 1707 quomodo
1094 1628 1174 1707 quasi
1197 1630 1324 1706 pleniore
1346 1642 1424 1690 or(

397 1728 415 1780 9
429 1722 587 1779 laudamus.
629 1719 703 1777 Hinc
716 1718 864 1777 rhetorum
879 1738 997 1796 campus
1008 1718 1044 1776 de
1054 1718 1229 1786 Marathone,
1242 1718 1421 1786 Salamine,

428 1810 555 1877 Plataeis‚
579 1809 786 1885 Thermopylis
809 1808 953 1866 Leuctris:
983 1809 1048 1866 hinc
1075 1814 1171 1865 noster
1195 1809 1306 1877 Cocles,
1329 1811 1406 1870 binc

429 1900 518 1966 Decii,
531 1899 597 1955 hinc
613 1899 722 1955 Gnaeus
743 1905 772 1954 ct
791 1897 911 1955 Publius
926 1898 1080 1976 Scipiones,
1095 1898 1160 1955 hinc
1175 1898 1215 1955 M.
1230 1898 1392 1968 Marcellus,

428 1988 644 2047 innumerabiles
658 1987 722 2044 alii:
743 1987 920 2065 maximeque
934 1988 995 2065 ipse
1009 1989 1133 2065 populus
1144 1989 1290 2048 Romanus
1310 1990 1389 2049 animi

429 2076 622 2156 magnitudine
633 2076 752 2136 excellit.
781 2076 950 2135 Declaratur
959 2084 1056 2134 autem
1069 2079 1195 2136 studium
1205 2079 1317 2140 bellicae
1333 2081 1388 2161 glo·

430 2168 487 2237 riae,
502 2168 580 2246 quod
594 2173 702 2225 statuas
716 2185 829 2245 quoque
842 2166 970 2225 uidemus
985 2175 1087 2225 ornatu
1099 2167 1159 2225 fere
1172 2168 1291 2228 militari.

383 2286 406 2332 >³

379 2335 382 2342 ¹
469 2349 549 2407 XIX.
571 2347 629 2407 Sed
644 2366 677 2405 ea
691 2346 775 2405 animi
786 2346 878 2415 elatio,
888 2366 953 2426 quae
965 2347 1087 2406 cernitur
1096 2347 1124 2406 in
1135 2348 1265 2426 periculis
1275 2357 1306 2409 et
1315 2351 1394 2411 labo·

430 2441 516 2508 ribus
532 2440 555 2497 si
574 2438 684 2516 justitia
696 2444 788 2505 vacat,
803 2445 970 2515 pugnatque
991 2457 1048 2494 non
1068 2457 1120 2515 pro
1134 2439 1226 2496 salute
1240 2444 1395 2513 communi,

431 2531 483 2588 sed
507 2549 559 2606 pro
580 2529 638 2586 suis
663 2527 826 2595 commodis,
840 2528 869 2584 in
889 2528 956 2586 vitio
977 2534 1029 2585 est.
1071 2529 1137 2586 Non
1160 2529 1233 2586 enim
1254 2530 1342 2589 modo
1363 2533 1398 2593 id

430 2619 541 2678 virtutis
554 2638 611 2676 non
624 2625 675 2684 cst,
691 2618 741 2674 sed
763 2626 806 2674 est
826 2617 921 2695 potius
934 2617 1122 2686 immanitatis
1138 2638 1251 2676 omnem
1264 2620 1397 2682 humani·

399 2717 415 2768 2
431 2718 520 2769 tatem
528 2707 697 2786 repellentis.
739 2708 840 2784 ltaque
855 2708 946 2784 probe
957 2707 1089 2765 definitur
1102 2727 1119 2764 a
1130 2708 1232 2766 Stoicis
1245 2709 1398 2783 fortitudo,

431 2820 494 2859 cum
509 2819 572 2858 eam
585 2799 719 2857 virtutem
740 2815 802 2854 esse
823 2797 921 2854 dicunt
940 2804 1170 2875 propugnantem
1185 2817 1236 2875 pro
1251 2801 1398 2876 aequitate.

398 2899 415 2949 3
431 2891 569 2961 Quocirca
588 2908 681 2957 nemo,
701 2889 749 2966 qui
762 2887 934 2945 fortitudinis
954 2888 1073 2966 gloriam
1089 2895 1257 2945 consecutus
1271 2897 1317 2948 est
1329 2891 1398 2951 insi-

430 2982 483 3039 diis
504 2989 533 3038 et
552 2981 666 3046 malitia,
687 2980 801 3036 laudem
821 2985 865 3035 est
889 2978 1019 3055 adeptus.
1061 2977 1140 3034 Nihil
1159 2977 1312 3037 honestum
1332 2999 1398 3042 esse

399 3077 417 3128 4
432 3077 535 3149 potest,
543 3069 621 3144 quod
633 3069 743 3145 justitia
752 3075 845 3125 vacat.
885 3067 1059 3126 Praeclarum
1072 3067 1160 3145 igitur
1172 3067 1243 3125 illud
1256 3068 1398 3133 Platonis.

431 3160 498 3216 Non
525 3157 627 3224 solum,
650 3157 748 3232 inquit,
770 3157 895 3225 scientia,
920 3177 986 3235 quac
1010 3164 1055 3215 est
1080 3164 1191 3214 remota
1211 3158 1247 3216 ab
1273 3158 1397 3235 justitia,

431 3247 568 3306 calliditas
582 3246 684 3323 potius,
697 3265 781 3323 quam
795 3247 932 3323 sapientia
942 3255 987 3306 est
999 3247 1184 3325 appellanda:
1199 3251 1399 3311 verumetiam

431 3338 541 3394 animus
555 3343 671 3414 paratus
685 3336 723 3393 ad
741 3336 907 3414 periculum,
922 3338 944 3395 si
959 3357 1011 3395 sua
1025 3337 1188 3414 cupiditate,
1203 3355 1260 3394 non
1272 3338 1398 3401 utilitate

432 3427 575 3484 communi
596 3426 759 3503 impellitur,
773 3427 901 3485 audaciae
926 3427 1020 3505 potius
1045 3446 1149 3485 nomen
1172 3426 1286 3494 habeat,
1308 3447 1398 3505 quam

399 3525 416 3576 5
430 3516 611 3574 fortitudinia.
633 3517 735 3593 Itaque
744 3517 818 3574 viros
832 3518 921 3574 fortes
932 3524 961 3574 ct
971 3517 1165 3594 magnanimos
1177 3515 1293 3573 eosdem
1305 3518 1398 3578 bonos

431 3612 461 3663 et
481 3605 631 3684 simplices,
646 3607 771 3664 veritatis
791 3608 896 3664 amicos
916 3607 1084 3682 minimeque
1104 3607 1220 3664 fallaces
1237 3623 1301 3664 esse
1315 3608 1399 3667 volu-

399 3701 417 3754 6
431 3713 512 3753 mus:
533 3714 598 3773 quae
614 3703 679 3753 sunt
690 3715 725 3754 ex
737 3696 831 3754 media
845 3697 930 3754 laude
941 3697 1068 3774 justitiae.
1111 3697 1170 3755 Sed
1182 3697 1253 3756 illud
1264 3696 1397 3757 odiosum

431 3791 484 3856 est,
498 3785 575 3876 quod
589 3785 618 3842 in
631 3786 684 3844 hac
699 3785 819 3844 elatione
833 3793 863 3844 et
875 3786 1069 3864 magnitudine
1082 3787 1165 3845 animi
1185 3787 1317 3846 facillime
1332 3804 1395 3864 per·
