3259 4775
656 503 743 544 uranu
754 504 798 544 ιιι.
840 503 907 543 oar.
923 503 984 542 νιιι.
1294 484 1333 541 95

312 632 441 692 tudinem
460 632 648 711 fugiendum
668 633 738 711 quid
758 634 803 702 sit,
818 632 895 711 quod
915 633 1019 690 idcirco
1038 630 1206 710 fugiendum
1225 649 1281 690 uon

309 723 354 791 uit,
364 722 445 801 quod
459 723 572 780 omnino
581 730 667 801 turpe
679 743 736 781 ιιοιι
749 732 801 782 est.
833 723 892 781 Sed
903 724 1036 800 quoniam
1046 741 1125 824 open
1117 721 1278 781 'inchoato
1295 727 1313 779 3
1385 709 1424 838 >i

307 831 400 892 prope
408 813 653 881 tamenabsoluto,
662 818 808 890 tamquam
818 812 979 892 fastrgrum
972 829 1158 889 imponimus
1171 818 1204 868 ut
1211 829 1280 889 geo
1337 841 1356 886 s
1359 829 1420 910 η

307 910 411 962 mctrae
430 904 522 961 solent
542 923 599 961 non
619 903 713 961 omnia
734 904 845 972 docere,
860 904 912 961 sed
933 910 998 981 post
986 903 1133 970 t,tulare
1099 911 1133 960 ut
1146 902 1321 978 quaedam
1331 887 1372 972 Σ’

307 994 362 1053 sibi
375 993 576 1061 concedantur,
588 1012 645 1070 quo
658 993 776 1061 facilius,
791 1012 857 1071 quae
871 992 978 1060 volunt,
958 993 1150 1069 toxpliceut:
1166 992 1205 1051 sic
1221 993 1320 1070 eg0¹
1351 979 1360 1032 ’·

306 1101 327 1140 ιι
338 1090 370 1141 te
383 1083 507 1160 postulo,
517 1103 556 1141 nu
547 1083 678 1151 Cicero,
690 1090 723 1141 ut
736 1084 806 1141 mihi
820 1082 1003 1149 concedas,'s1
1017 1089 1067 1160 pot
1069 1101 1108 1150 os,
1119 1083 1195 1150 nihil,
1206 1101 1278 1160 prae·

307 1179 354 1231 ter
365 1173 405 1242 id,
421 1172 499 1250 quod
512 1174 666 1231 honestum
680 1173 725 1241 sit,
741 1180 902 1251 propterea
916 1190 979 1230 esse
992 1172 1193 1249 expetendum.
1228 1171 1279 1230 sin
1292 1175 1311 1230 4

307 1263 364 1321 boc
385 1282 444 1321 non
465 1263 532 1321 licet
552 1282 605 1341 per
618 1263 798 1340 Cratippum,
812 1269 844 1320 at
857 1262 927 1320 illud
942 1268 1018 1320 certe
1033 1261 1122 1329 dabis,
1137 1263 1215 1339 quod
1228 1262 1278 1319 ho

307 1361 424 1411 nestum
445 1353 489 1420 sit,
503 1352 534 1410 id
548 1371 610 1411 esse
629 1353 752 1411 maxime
774 1359 892 1430 propter
913 1370 944 1410 se
966 1353 1167 1429 expetendum.
1209 1351 1279 1409 Mihi

307 1443 450 1502 utrumvis
463 1443 531 1500 satis
545 1449 604 1500 est:
619 1449 649 1500 et
662 1449 724 1501 turn
737 1442 801 1509 hoc,
811 1450 873 1498 tum
887 1441 957 1499 illud
970 1437 1143 1519 probabilius
1158 1441 1277 1510 ridetur,

307 1551 360 1592 nec
382 1539 521 1610 praterea
543 1531 695 1609 quicquam
714 1532 870 1610 probabile.
911 1532 957 1589 Ac
973 1532 1099 1609 primum
1113 1532 1141 1589 in
1155 1533 1209 1589 hoc
1223 1532 1277 1588 Pu·
1293 1539 1311 1590 5

306 1622 411 1680 naetius
433 1621 628 1680 defendendus
649 1628 703 1689 est,
718 1621 795 1699 quod
814 1640 871 1679 non
891 1621 970 1678 utilia
991 1641 1057 1678 cum
1078 1621 1203 1678 honestis
1225 1641 1277 1698 pu-

306 1731 399 1790 gnare
412 1711 563 1789 aliquando
577 1730 662 1789 posse
676 1711 776 1769 dixerit
788 1709 893 1790 (noque
904 1711 977 1769 enim
988 1710 1013 1767 ei
1027 1711 1070 1766 las
1084 1709 1158 1787 erat)
1169 1710 1221 1767 sed
1235 1729 1276 1775 ea,

307 1801 553 1879 quae'vidercntur
564 1802 652 1860 utilia.
693 1801 772 1859 Nihil
786 1821 855 1860 vero
869 1801 946 1868 utile,
962 1799 1040 1878 quod
1060 1819 1117 1857 non
1137 1800 1213 1857 idem
1226 1800 1277 1856 ho·
1293 1806 1311 1857 6

303 1897 441 1949 nestum:
462 1891 530 1949 nihil
550 1892 710 1960 honestum,
725 1892 803 1968 quod
824 1910 881 1948 ιιοιι
900 1891 976 1948 idem
995 1890 1067 1948 utile
1085 1890 1130 1956 sit,
1145 1908 1223 1967 soepe
1236 1896 1276 1946 te-

307 1987 420 2039 statur:
440 1988 585 2059 negatque
597 1981 687 2039 ullam
701 1988 812 2059 pestem
831 1982 969 2058 majorem
982 1980 1011 2037 in
1024 1980 1112 2037 vitam
1132 1980 1278 2037 hominum

306 2070 452 2136 invasisse,
466 2090 553 2147 quam
567 2089 665 2129 eorum
679 2071 849 2149 opinionem,
861 2071 908 2146 qui
922 2071 975 2127 ista
989 2070 1176 2128 distraxerint.
1218 2070 1277 2127 Ita·
1293 2068 1309 2129 'l

307 2179 364 2238 que
384 2180 443 2218 non
463 2166 496 2218 ut
515 2160 667 2237 aliquando
681 2168 919 2239 anteponeremus
933 2160 1014 2217 utilia
1032 2160 1165 2228 honestis
1180 2160 1231 2216 scd
1245 2168 1278 2216 ut

308 2268 343 2308 ea
363 2250 424 2308 sine
448 2268 543 2308 errore
564 2250 793 2328 dijudicaremus,
808 2250 960 2327 siquando
980 2250 1152 2317 incidissent,
1166 2250 1279 2307 induxit

308 2359 380 2408 eam,
390 2339 831 2418 quaevidereturcsse,nonquae
842 2347 925 2408 osset,
935 2341 1161 2419 repugnantiam.
1194 2341 1277 2399 Hanc
1293 2346 1311 2399 8

307 2430 395 2509 igitur
408 2437 520 2509 partem
534 2431 663 2489 relictam
677 2431 864 2509 explebimus,
876 2432 959 2488 nullis
973 2431 1158 2498 adminiculis
1171 2430 1230 2498 sed,
1245 2438 1278 2488 ut
1307 2410 1344 2485 Σι
1402 2430 1405 2437 '
1419 2480 1422 2489 .

309 2520 421 2588 dicitur,
442 2521 536 2578 Marte
554 2527 661 2579 nostro.
704 2521 806 2598 Neque
829 2521 904 2578 enim
925 2516 1077 2598 quicquam
1099 2528 1143 2578 cst
1165 2521 1201 2578 de
1223 2521 1310 2578 hac9
1406 2514 1411 2542 ²

309 2617 392 2688 parte
404 2617 471 2688 post
481 2611 643 2669 Panaetium
654 2611 836 2689 explicatum,
847 2611 924 2688 quod
933 2611 1048 2689 quidem
1061 2611 1130 2668 mihi
1145 2612 1277 2689 probare-

309 2706 365 2769 tur,
380 2700 417 2758 de
430 2700 473 2768 iis,
489 2719 554 2777 quae
569 2701 598 2758 in
611 2720 713 2758 manus
726 2719 804 2758 meas
819 2701 954 2759 venerint.

346 2881 435 2940 VIII.
451 2880 526 2937 Cum
540 2880 626 2958 igitur
640 2881 734 2958 aliqua
748 2881 857 2958 species
871 2880 999 2937 utilitatis
1011 2879 1125 2956 objecta
1137 2885 1189 2944 est,
1201 2896 1277 2935 com·

310 2971 415 3029 moveri
427 2986 542 3028 necessu·
559 2977 618 3028 est:
641 2971 691 3027 scd
706 2970 737 3037 si,
754 2989 819 3028 cum
833 2970 960 3026 animum
974 2966 1136 3033 attenderis,
1152 2967 1277 3044 turpitu-

309 3060 404 3119 dinem
418 3060 516 3118 rideas
530 3059 695 3137 adjunctam
710 3060 735 3117 ei
748 3061 796 3127 rei,
812 3079 878 3137 quae
892 3059 1016 3136 speciem
1033 3057 1161 3115 utilitatis
1175 3057 1277 3115 attule-

308 3150 353 3219 rit,
367 3156 432 3207 tum
445 3168 501 3206 non
521 3149 627 3207 utilitas
647 3148 831 3227 relinquenda
851 3155 903 3216 est,
919 3149 969 3206 sed
989 3147 1212 3226 intelligendum,
1228 3147 1278 3205 ubi

308 3239 458 3318 turpitudo
472 3240 516 3307 sit,
530 3240 569 3298 ibi
581 3239 731 3297 utilitatem
745 3259 808 3297 esse
822 3259 879 3296 non
892 3257 985 3316 posse.
1022 3238 1131 3308 Quodsi
1149 3237 1219 3295 nihil
1232 3245 1277 3295 est
1292 3244 1308 3295 ‘l

308 3336 369 3389 tam
382 3337 482 3389 contra
501 3338 640 3397 naturam,
656 3349 743 3407 quam
765 3330 913 3406 turpitudo
928 3329 1021 3407 (recta
1043 3328 1118 3386 enim
1132 3335 1161 3385 et
1175 3347 1276 3385 conve-

307 3420 414 3478 nientia
428 3427 458 3477 et
472 3419 629 3479 constantia
641 3426 743 3476 natura
757 3419 908 3487 desiderat,
923 3426 1150 3496 aspernaturque
1165 3425 1276 3475 contra·

306 3508 363 3588 ria)
377 3510 504 3586 nihilque
517 3516 577 3566 tam
591 3509 749 3566 secundum
763 3515 903 3576 notmam,
918 3528 1005 3586 quam
1019 3509 1143 3576 utilitas;
1159 3516 1235 3566 certe
1248 3508 1278 3565 in

305 3600 412 3658 eadem
425 3617 456 3656 re
470 3599 576 3656 utilitas
590 3606 619 3656 et
633 3599 782 3676 turpitudo
803 3617 866 3655 esse
884 3617 941 3655 non
962 3606 1065 3675 potest.
1107 3599 1238 3675 Itemque
1252 3597 1276 3654 si
1291 3604 1308 3654 3

304 3689 347 3749 ud
360 3690 541 3747 honestatem
554 3688 613 3745 nati
632 3707 740 3755 sumus,
755 3706 845 3764 eaque
859 3695 909 3744 aut
923 3689 983 3745 sola
1003 3686 1163 3766 expetenda
1178 3693 1229 3753 est,
1245 3692 1277 3743 ut

301 3779 416 3839 Zenoni
428 3779 520 3836 visum
534 3786 586 3846 est,
601 3785 651 3834 aut
672 3784 748 3835 certe
768 3778 845 3835 omni
867 3778 991 3854 pondere
1013 3777 1125 3856 gravior
1146 3774 1278 3833 habenda

301 3888 398 3949 quum
408 3867 516 3947 reliqua
524 3869 625 3936 omnia,
634 3866 714 3945 quod
725 3866 874 3925 Ar'ntoteli
888 3868 997 3945 placet;
1011 3885 1126 3925 neccsse
1137 3871 1189 3931 est,
1199 3861 1277 3940 quod
