3259 4775
633 628 720 668 uasa
731 630 752 667 r.
793 625 860 668 car.
875 627 944 674 xnu,
960 625 1038 665 xam.
1287 609 1325 665 68

288 661 310 718 1

324 752 401 834 glut:
421 758 448 817 in
468 758 589 837 ipsoque
608 758 767 837 peregrino,
784 756 959 835 privatimne,
973 774 1010 814 an
1030 754 1143 833 publico
1158 753 1271 812 venerit.

333 843 366 902 ll
376 864 520 916 summam,
535 867 571 906 ne
584 867 669 927 agam
683 848 720 906 de
733 846 860 926 singulis,
872 864 1050 904 communem
1064 845 1150 902 totius
1163 844 1273 923 generis
1290 849 1324 902 13

288 945 291 962 ¹
334 933 456 996 lominum
469 937 690 996 conciliationem
704 945 734 994 et
748 937 984 995 consociationem
1004 935 1105 1003 colere,
1120 935 1201 1002 tucri,
1215 953 1273 992 ser·

339 1041 390 1081 rare
400 1027 537 1087 debemus.
541 1005 584 1116 fi
590 1001 644 1122 [ᾗ]

311 1283 314 1288 Ι
372 1203 444 1265 XLII.
463 1208 482 1267 J
483 1227 529 1265 am
540 1208 577 1266 dc
588 1207 710 1265 artificiis
720 1213 750 1265 et
760 1204 926 1284 quaestibus,
938 1203 986 1281 qui
999 1203 1128 1262 liberales
1142 1204 1273 1271 habendi,

344 1292 379 1368 qn·
388 1298 477 1355 sordidi
490 1297 555 1366 sint,
569 1299 633 1356 haec
647 1297 705 1355 fere
719 1296 889 1373 accepimus.
933 1294 1062 1351 Primum
1080 1294 1275 1372 improbantur
1290 1301 1306 1352 2

343 1380 476 1460 iquatus,
493 1389 542 1467 qui
564 1388 594 1445 in
615 1387 681 1446 odia
701 1386 846 1444 hominum
869 1386 1075 1452 incusantur
1098 1384 1274 1463 portitorum,

343 1473 555 1562 dlencmtomm.
597 1477 754 1536 Illiberales
777 1482 873 1533 autem
891 1481 922 1532 et
939 1474 1045 1532 sordidi
1059 1481 1188 1553 quaestus
1202 1493 1274 1532 mer·
1290 1480 1306 1531 3

343 1566 484 1625 annorum
497 1567 631 1634 omnium,
643 1586 763 1645 quorum
777 1584 882 1643 operae,
894 1584 950 1621 non
960 1584 1081 1642 qaorum
1090 1574 1166 1623 artes
1176 1584 1274 1622 cmun-

322 1655 383 1718 sltr·
413 1657 460 1716 l'st
472 1658 547 1716 enim
559 1657 588 1715 in
600 1657 655 1715 illis
668 1657 731 1734 ipsa
744 1674 853 1713 merces
867 1662 1111 1712 auctoramentum
1124 1655 1273 1712 servitutis.

342 1738 429 1805 Sordidi
444 1749 529 1806 etiam
549 1746 678 1825 putandi,
694 1746 742 1824 qui
761 1752 924 1803 mercantur
936 1763 954 1800 o
972 1745 1183 1811 mercatoribus,
1198 1743 1275 1822 quod
1290 1749 1308 1800 l

342 1834 573 1896 atstinvendantf
593 1837 673 1895 Nihil
694 1837 768 1894 enim
789 1834 945 1913 proficiant,
960 1833 1013 1891 nisi
1030 1833 1186 1891 admodum
1198 1853 1274 1891 men·

342 1918 437 1995 flentum
455 1948 507 1986 nec
519 1946 586 1985 vero
598 1935 642 1985 est
652 1926 804 2004 quicquam
815 1924 924 2003 turpius
935 1923 1068 1980 vanitate.
1097 1923 1275 2001 Opificesque
1290 1932 1307 1982 5

341 2018 450 2075 onnam
463 2018 578 2076 sordida
591 2024 652 2075 arte
666 2024 822 2074 versantur.
864 2014 927 2072 Nec
942 2014 1016 2071 enim
1030 2013 1182 2091 quicquam
1196 2013 1275 2091 inge-

341 2115 407 2163 nuum
423 2115 514 2185 potest
535 2109 640 2165 habere
659 2107 777 2165 officina.
819 2105 991 2182 Minimeque
1006 2113 1081 2162 artes
1095 2123 1138 2162 eoe
1152 2105 1307 2182 proban-d

342 2186 381 2259 l&
392 2213 445 2272 quae
458 2198 594 2256 ministrae
609 2205 675 2255 sunt
689 2198 887 2274 voluptatum:

514 2332 625 2431 Oe‘tara'i,
642 2332 720 2399 lanii,
735 2331 823 2406 coqui,
830 2332 962 2407 fartores,
972 2330 1130 2405 piscatores,

286 2518 289 2527 .
341 2461 406 2520 alsit
419 2466 570 2525 Terentius.
612 2465 700 2523 Adde
722 2466 788 2532 huc,
803 2464 827 2522 si
848 2465 950 2542 placet,
966 2464 1176 2543 unguentarios,
1191 2465 1275 2522 salta·

340 2549 559 2634 toruumque
572 2555 674 2613 ludum
687 2555 827 2613 talariam.
869 2555 979 2624 Quibus
993 2562 1090 2613 autem
1103 2555 1212 2613 artibus
1225 2561 1277 2612 aut
1292 2555 1307 2612 'l

340 2639 463 2708 prudentia
479 2647 572 2724 major
590 2646 672 2713 inest,
693 2652 820 2703 autnon
839 2645 987 2702 mediocris
1007 2645 1112 2703 utilitas
1131 2645 1275 2722 quaeritur,

339 2728 365 2779 ll
374 2734 504 2803 medicina,
519 2743 553 2793 ut
572 2735 771 2803 architectura,
785 2742 820 2792 ut
833 2735 961 2793 doctrina
974 2754 1069 2793 rerum
1082 2734 1275 2801 honestarum,

339 2808 375 2870 Μ
392 2834 448 2883 sunt
466 2827 508 2894 iis,
531 2845 652 2904 quorum
673 2825 764 2883 ordini
787 2826 966 2892 conveniunt,
988 2825 1126 2882 honcstae.
1168 2824 1309 2881 Merca-8

338 2904 389 2964 tam
398 2923 495 2985 autern,
511 2916 535 2973 si
548 2915 639 2973 tenuis
653 2922 705 2983 est,
717 2915 832 2973 sordida
846 2914 974 2992 putanda
988 2921 1049 2971 est:
1072 2914 1114 2970 sin
1128 2931 1234 2989 magna
1247 2921 1277 2970 et

337 2997 436 3089 l⁰pl⁰⁸⁸›
455 3006 546 3064 multa
568 3006 694 3083 undique
716 3013 872 3082 apportans
896 3003 1049 3079 multisque
1073 3002 1133 3058 sine
1152 3000 1277 3059 vanitate

336 3092 483 3164 ¹111perticus,
498 3116 557 3154 non
570 3102 614 3154 cst
626 3095 784 3154 admodum
797 3092 993 3170 vituperanda.
1036 3092 1134 3167 Atque
1148 3090 1240 3159 ctiam,
1255 3091 1278 3149 si
1293 3099 1309 3150 9

334 3174 418 3241 taliata
434 3194 556 3264 quaestu,
571 3186 617 3244 vel
638 3192 771 3243 contenta
792 3184 895 3261 potius,
911 3189 944 3239 ut
957 3200 1034 3258 saepc
1049 3199 1085 3238 ex
1099 3181 1157 3238 alto
1170 3180 1198 3237 in
1212 3200 1276 3258 por-

332 3259 392 3356 tum,
404 3293 435 3333 cx
453 3277 517 3354 ipso
540 3285 626 3354 portu
646 3295 677 3334 se
696 3276 725 3333 in
744 3294 830 3354 agros
850 3272 1098 3351 possessionesque
1119 3271 1277 3339 contulerit,

329 3348 427 3423 adem,
442 3367 508 3445 jure
526 3367 634 3445 optimo
654 3385 738 3444 posse
751 3365 869 3423 laudari.
914 3363 1049 3421 Omnium
1063 3369 1160 3420 autem
1173 3380 1277 3429 rerum,
1295 3368 1329 3422 10

326 3447 358 3532 εξ
378 3456 470 3526 quibus
491 3456 597 3534 aliquid
617 3456 779 3534 acquiritur,
800 3455 871 3512 nihil
891 3461 935 3511 est
955 3453 1016 3532 agri
1037 3453 1149 3511 cultura
1168 3453 1278 3520 melius,

321 3524 386 3595 111ῙΙῙῙ
406 3546 524 3614 dulcius,
549 3547 617 3604 nihil
640 3547 762 3613 homine,
783 3545 853 3602 nihil
876 3545 965 3602 libero
985 3542 1106 3622 dignius.
1148 3542 1193 3600 De
1213 3561 1278 3620 qua,

318 3622 446 3694 quoniam
463 3637 494 3695 in
514 3637 623 3694 Catone
643 3637 750 3714 majore
771 3635 840 3692 satis
860 3636 951 3692 multa
965 3634 1096 3701 diximus,
1111 3630 1189 3691 illinc
1200 3651 1279 3689 assu·

295 3710 385 3803 ⁹9⁸⁸,
399 3746 464 3804 quae
477 3726 515 3784 ad
529 3728 604 3784 hunc
618 3726 713 3784 locum
727 3725 917 3804 pertinebunt.

350 3886 463 3969 XLIII.
485 3905 544 3965 Sed
558 3907 597 3965 ab
608 3906 641 3964 iis
655 3906 793 3983 partibus,
807 3924 873 3983 quae
886 3911 953 3962 sunt
966 3902 1130 3970 honestatis,
1145 3899 1282 3979 quemad

304 3970 434 4056 modum
447 3996 540 4056 officia
553 3996 733 4059 ducerentur.
749 3995 819 4054 satis
839 3993 1000 4073 expositum
1013 3992 1134 4050 videtur.
1175 3989 1282 4046 Eorum
1296 3995 1314 4048 2
