3259 4775
632 618 717 657 eman
730 617 761 657 n.
803 616 870 658 car.
885 617 937 658 vn.
1256 602 1291 654 63

306 746 379 808 Hoc
399 748 487 828 igitur
507 748 630 827 cognito,
651 747 803 806 dicendum
826 753 878 815 est,
899 766 1023 824 quonam
1043 747 1129 805 modo
1149 745 1272 805 homi-d

261 851 341 896 num
355 838 494 896 studia
507 838 545 896 ad
554 838 690 896 utilitates
699 844 811 896 nostras
821 837 932 895 allicere
942 844 1028 914 atque
1039 837 1160 895 excitare
1174 856 1240 914 pos·

264 923 372 987 simus.
415 929 488 998 Quae
503 927 528 986 si
539 927 651 1007 longior
663 928 749 987 fuerit
762 927 861 995 oratio,
877 947 943 985 cum
956 927 1151 1006 magnitudine
1165 927 1239 985 utili·
1255 927 1271 985 7

216 1039 220 1047 ’
266 1016 340 1076 tatis
351 1024 552 1096 comparetur;
572 1018 615 1076 ita'
625 1015 747 1077 fortasse
760 1017 847 1076 etiam
861 1017 972 1076 brevior
981 1017 1130 1076 videbitur.
1153 1017 1239 1086 Quae-

268 1121 387 1184 cunque
407 1101 495 1187 igitur
515 1108 644 1166 homines
662 1107 770 1166 homini
792 1107 921 1165 tribuunt
938 1108 976 1165 ad
998 1126 1064 1165 eum
1077 1107 1240 1185 augendum
1255 1113 1272 1165 8

271 1199 362 1274 etque
375 1197 593 1266 honestandum,
604 1205 656 1256 aut
668 1197 865 1256 benivolentiae
879 1197 971 1276 gratia
984 1196 1099 1265 faciunt,
1112 1216 1178 1255 cum
1191 1197 1239 1254 ali-

273 1298 332 1359 qua
344 1287 383 1346 de
396 1306 482 1346 causa
495 1287 657 1366 quempiam
668 1287 807 1366 diligrmt3
828 1293 879 1345 aut
891 1286 1013 1355 honoris
1025 1286 1049 1344 si
1062 1287 1143 1364 cujus
1153 1286 1240 1351 virtu-

278 1376 335 1433 tem
356 1377 522 1456 suspiciunt,
537 1396 679 1455 quemque
695 1378 813 1456 dignum
834 1379 949 1435 fortuna
961 1395 1048 1455 quam
1067 1376 1241 1455 amplissima

280 1471 397 1536 putant;
417 1474 469 1525 aut
488 1466 535 1525 cui
555 1467 642 1525 fidem
662 1468 777 1536 habent,
792 1473 822 1525 et
837 1468 909 1526 bene
922 1469 1008 1526 rebus
1022 1467 1080 1525 suis
1094 1466 1240 1526 consulere

284 1553 465 1626 arbiramur,
486 1564 537 1615 aut
557 1557 640 1636 eujus
660 1576 731 1635 opes
750 1564 901 1626 metuunt;
922 1564 973 1615 aut
986 1564 1091 1626 contra,
1107 1556 1240 1634 aquibus

288 1640 382 1722 &liquid
401 1654 564 1726 expectant,
578 1654 612 1706 ut
632 1667 699 1706 cum
716 1667 800 1726 reges
814 1648 1002 1726 popularesve
1015 1648 1143 1706 homines
1155 1646 1240 1726 largi·

215 1762 219 1770 ·
291 1729 367 1795 tiones
385 1738 492 1816 aliquas
512 1744 676 1816 proponunt
686 1757 694 1807 ;
717 1744 768 1795 aut
788 1745 933 1816 postremo
953 1737 1043 1814 pretio
1058 1756 1091 1795 ac
1109 1736 1240 1795 mercede
1255 1742 1272 1794 9

215 1835 231 1873 i
295 1817 427 1897 dicutur,
442 1847 508 1905 quae
530 1828 723 1886 sordidissima
737 1835 781 1886 est
797 1828 846 1885 illa
859 1827 974 1904 quidem
986 1826 1058 1884 ratio
1072 1833 1101 1884 et
1114 1826 1239 1904 inquina-

215 1917 236 1952 ὓ
295 1907 391 1987 ircim,
401 1925 431 1977 et
443 1919 485 1987 iis,
500 1918 593 1996 quiea
606 1924 747 1987 tenentur,
759 1925 789 1976 et
802 1918 864 1986 illis,
880 1915 948 1994 quid
961 1915 999 1973 ad
1009 1934 1073 1973 eam
1088 1916 1241 1993 confugere

215 2001 237 2037 Ε
296 2015 420 2067 duntur.
462 2008 538 2067 Malo
558 2009 633 2067 enim
651 2027 682 2066 se
699 2027 745 2066 res
759 2009 855 2075 habet,
870 2027 945 2075 cum,
960 2006 1037 2084 quod
1051 2006 1155 2063 virtute
1169 2005 1240 2063 effici
1256 2010 1292 2063 10

214 2088 236 2121 '²'
263 2106 267 2111 '
293 2083 372 2166 debet,
385 2098 414 2162 id
434 2105 562 2157 tentatur
581 2098 709 2176 pecunia.
751 2098 810 2157 Sed
824 2097 957 2175 quoniam
970 2115 1172 2174 nonnunquam
1185 2096 1240 2154 hoc

214 2172 231 2208 ³
288 2177 432 2273 llbsidium
454 2189 644 2247 necessarium
664 2195 717 2256 est,
732 2187 975 2265 quemadmodum
989 2187 1026 2244 sit
1044 2187 1182 2245 utendum
1196 2205 1238 2254 eo,

214 2272 224 2296 ''
284 2257 409 2362 dflemus,
424 2278 448 2337 si
468 2278 546 2356 prius
567 2279 601 2336 iis
623 2277 773 2345 derebus,
794 2297 860 2355 quae
881 2277 978 2335 virtuti
1000 2277 1145 2357 propiores
1165 2284 1239 2344 sunt,

279 2346 435 2449 &er-imus,
476 2369 575 2447 Atque
589 2368 674 2428 etiam
688 2367 842 2447 subjiciunt
854 2386 885 2426 se
898 2367 1026 2426 homines
1040 2367 1157 2447 imperio
1171 2367 1239 2425 elte—
1256 2373 1290 2425 11

273 2452 321 2503 ΗΠΒ
335 2466 373 2517 et
385 2459 519 2539 potestati
529 2459 565 2517 de
580 2459 671 2517 causis
685 2459 823 2537 pluribus
850 2458 1002 2517 Ducuntur
1012 2458 1086 2516 enim
1100 2465 1150 2516 aut
1164 2459 1239 2517 beni·
1257 2465 1291 2516 12

271 2532 406 2619 volentia,
420 2557 472 2607 aut
491 2548 690 2608 beneficiorum
712 2547 916 2627 magnitudine,
932 2554 982 2606 aut
1000 2548 1146 2627 dignitatis
1164 2568 1239 2626 praa-

267 2623 389 2709 ⁸¹³11tia
403 2647 454 2698 aut
468 2659 529 2719 spe,
546 2639 598 2697 sibi
610 2639 640 2697 id
653 2638 723 2697 utile
736 2639 874 2707 futurum,
886 2646 936 2696 aut
949 2646 1037 2706 metu,
1051 2657 1087 2696 ne
1100 2638 1128 2697 vi
1141 2658 1240 2717 parere

215 2711 220 2794 i
264 2724 422 2800 eogantur,
437 2737 489 2788 aut
508 2748 559 2808 spe
579 2728 732 2808 largitionis
749 2728 949 2806 promissisque
963 2728 1047 2807 capti,
1062 2735 1112 2786 aut
1132 2736 1239 2807 postre-

215 2813 216 2868 ἶ
259 2812 314 2943 3¹⁰2
348 2828 385 2879 ut
405 2839 483 2898 saepe
505 2820 534 2877 in
555 2826 653 2878 nostra
674 2820 842 2897 republica
863 2819 1000 2888 videmus,
1021 2820 1153 2877 mercede
1174 2839 1239 2877 con·

275 2905 365 2969 deti·

288 3068 386 3150 VII.
406 3091 541 3150 Omnium
563 3097 659 3149 autem
681 3109 776 3148 rerum
796 3108 849 3147 nec
870 3089 964 3166 aptius
982 3095 1026 3146 est
1039 3080 1189 3167 quicquam
1203 3088 1240 3145 ad

254 3171 343 3232 ⁰P⁸⁸
360 3180 480 3239 tuendas
493 3199 527 3239 ac
540 3181 685 3248 tenendas,
701 3199 787 3257 quam
801 3178 888 3257 diligi,
902 3197 954 3236 nec
968 3177 1092 3246 alienius
1107 3196 1193 3254 quam
1207 3178 1240 3235 ti·

253 3260 356 3328 mex-1·
393 3270 538 3329 Praeclare
551 3270 625 3328 enim
638 3270 760 3328 Ennius:
1256 3276 1272 3326 2

267 3378 381 3461 Quem
392 3381 533 3473 metuunt,
543 3404 676 3461 mount:
698 3422 778 3478 qoem
792 3404 907 3478 quiaque
921 3403 987 3470 odit,
997 3403 1112 3477 periisse
1125 3404 1230 3477 expetit.

214 3533 225 3556 '¹
260 3524 433 3628 M§lltorum
455 3555 552 3606 autem
573 3547 644 3605 odiis
663 3547 755 3605 nullas
775 3566 846 3625 opes
865 3566 949 3626 posse
962 3547 1106 3614 obsistere,
1122 3547 1145 3605 si
1159 3555 1273 3605 antea3

268 3618 329 3683 imi·
345 3635 481 3719 ignotum,
495 3657 588 3715 nuper
601 3645 646 3695 est
663 3638 816 3715 cognitum.
858 3636 919 3694 Nec
933 3655 1002 3694 vero
1020 3637 1108 3715 hujus
1130 3638 1242 3715 tyranni
1258 3643 1272 3695 l

274 3708 380 3795 mlum,
394 3746 480 3805 quem
493 3727 578 3784 armis
598 3746 734 3804 oppressa
755 3726 872 3804 pertulit
892 3726 997 3794 civitas,
1013 3733 1149 3803 paretque
1165 3747 1241 3785 cum-

281 3814 399 3874 maxime
421 3825 543 3885 mortuo,
567 3817 695 3874 interitus
720 3815 854 3884 declarat,
876 3823 1013 3893 quantum
1034 3816 1130 3873 odium
1154 3816 1242 3874 homi·

286 3915 350 3967 oum
362 3905 454 3964 valeat
467 3906 505 3963 ad
519 3912 629 3984 pestem
642 3925 649 3969 ;
670 3906 720 3963 scd
734 3906 906 3982 reliquorum
927 3905 1029 3962 similes
1043 3906 1134 3963 exitus
1148 3912 1243 3981 tyran·

292 4007 389 4063 udum,
403 4014 524 4073 quorum
544 3995 622 4052 haud
642 3995 701 4052 fere
715 3996 864 4072 quisquam
877 3994 964 4052 talem
977 3994 1119 4051 interitum
1134 3994 1242 4071 effugit
