3259 4775
580 1048 737 1124 LIBER
764 1049 984 1126 TERTIUS

376 1390 401 1449 1.
422 1392 749 1473 PunmnrrScmonnm,
765 1398 862 1457 Marce
882 1398 929 1466 fili,
944 1417 1019 1465 eum,
1034 1399 1085 1476 qui
1105 1393 1287 1477 primusatt
1333 1377 1336 1408 ³

337 1499 425 1538 canus
435 1483 596 1559 appellatus
603 1491 654 1553 est,
663 1486 757 1546 dicere
770 1489 884 1546 solitum
895 1488 1009 1565 scripsit
1020 1489 1104 1556 Cato,
1117 1490 1167 1567 qui
1179 1489 1233 1548 fuit
1243 1488 1290 1547 fert

337 1570 399 1648 ejus
414 1572 706 1650 aequalis,Nuaquum
719 1580 847 1635 seminus
856 1579 975 1635 otiosum
982 1597 1043 1646 esse,
1054 1598 1142 1653 qucum
1156 1596 1220 1635 cum
1236 1577 1291 1636 otio·

304 1665 322 1719 2
338 1665 652 1735 tuaaccmiausaolum,
664 1686 750 1743 quom
758 1669 903 1725 eumacius
909 1676 982 1726 esset.
1013 1667 1168 1747 Magnifica
1176 1682 1292 1728 verovtx

316 1795 319 1800 .
336 1760 365 1809 et
376 1772 480 1832 magno
490 1755 549 1814 viro
560 1775 592 1814 ac
602 1758 728 1835 sapiente
739 1759 841 1837 digna:
856 1777 921 1836 quae
931 1757 1067 1826 declarat,
1078 1759 1162 1817 illum
1171 1760 1239 1818 etin
1247 1756 1293 1817 oto

337 1842 372 1900 de
386 1845 505 1923 negotiis
520 1847 645 1924 cogitare
659 1850 728 1906 etin
743 1849 893 1906 solitudine
907 1867 1004 1905 secum
1025 1848 1104 1925 loqui
1117 1849 1251 1919 solitum;
1268 1852 1294 1906 ut

337 1952 428 2011 neque
443 1944 566 1993 cessaret
580 1956 713 2015 unquam,
729 1946 758 1997 et
781 1938 924 1997 interdum
946 1938 1088 2014 colloquio
1109 1938 1228 1998 alterius
1246 1955 1294 1997 nou

338 2030 443 2101 egeret.
484 2025 586 2102 Itaque
600 2027 666 2085 duae
680 2048 733 2098 res,
749 2048 813 2107 quae
826 2028 994 2105 languorem
1008 2028 1133 2085 afferunt
1148 2029 1257 2097 ceteris,
1270 2027 1294 2087 il·

305 2119 322 2170 3
337 2114 396 2171 lum
410 2116 558 2183 acuebant,
571 2116 659 2175 otium
674 2126 703 2176 ct
717 2119 848 2177 solitudo.
883 2117 995 2175 Vellem
1009 2117 1092 2175 nobis
1107 2118 1163 2178 hoc
1177 2119 1253 2178 idem
1262 2117 1295 2178 dt

338 2222 401 2261 cere
416 2203 528 2265 liceret:
551 2208 602 2266 sed
616 2208 639 2266 si
652 2209 745 2267 minus
758 2208 912 2267 imitatione
926 2213 1036 2264 tantam
1048 2207 1155 2286 ingenii
1168 2216 1295 2287 praestan·

337 2294 407 2351 tiam
422 2297 555 2374 consequi
568 2317 727 2375 possumus,
738 2301 883 2358 voluntate
897 2304 973 2355 certe
987 2297 1117 2375 proxime
1131 2298 1295 2357 accedimus

305 2391 323 2442 t
338 2384 414 2443 Nam
435 2393 464 2444 et
484 2406 501 2444 a
521 2408 551 2446 re
572 2389 685 2466 publica
699 2391 911 2466 forensibusque
925 2388 1045 2466 negotiis
1058 2389 1144 2446 armis
1158 2389 1252 2468 impiis
1263 2388 1295 2448 vi·

278 2482 286 2497 ⁰
338 2494 393 2553 que
414 2477 555 2554 prohibiti,
571 2479 659 2537 otium
679 2481 890 2559 persequimur:
913 2486 941 2536 et
956 2479 1071 2536 obeam
1092 2497 1220 2548 causam,
1234 2480 1296 2539 urbo

306 2566 444 2635 trelicta,
465 2587 531 2625 rura
556 2579 747 2648 peragrantes,
772 2589 850 2648 saepc
870 2569 923 2627 soli
946 2587 1053 2626 sumus,
1095 2567 1156 2626 Sed
1176 2588 1230 2628 nec
1249 2570 1296 2627 hou

337 2657 425 2716 otium
440 2679 505 2717 cum
518 2661 646 2718 Africani
659 2662 725 2729 otio,
739 2681 792 2720 nec
812 2662 875 2718 haec
895 2659 1018 2717 solitudo
1039 2678 1106 2716 cum
1125 2659 1175 2716 illa
1189 2678 1296 2738 compa-

305 2756 322 2808 6
337 2749 426 2808 randa
440 2757 491 2808 est.
533 2751 585 2809 Ille
600 2752 674 2810 enim
687 2752 865 2830 requiescens
879 2770 897 2807 a
910 2750 950 2807 rei
964 2749 1086 2827 publicae
1107 2749 1297 2827 pulcherrimis

338 2842 501 2901 muneribus
521 2843 611 2901 otium
631 2842 683 2900 sibi
704 2842 835 2900 sumebat
848 2840 1009 2918 aliquando
1024 2847 1053 2897 et
1075 2858 1093 2895 a
1113 2846 1194 2898 coetu
1214 2839 1296 2899 homi-

337 2952 404 2990 num
424 2933 637 3011 frequentiaque
651 2933 802 2999 interdum,
817 2938 963 3008 tamquam
983 2930 1012 2986 in
1032 2936 1156 3006 portum,
1172 2949 1203 2988 se
1216 2931 1246 2989 in
1258 2949 1296 2989 so·

306 3022 483 3082 'ilitudinem
496 3024 659 3102 recipiebat.
701 3022 840 3080 Nostrum
853 3028 950 3078 autem
970 3019 1059 3077 otium
1079 3021 1187 3097 negotii
1199 3020 1296 3098 inopia,
1315 3086 1321 3097 Ι

338 3133 394 3172 non
408 3113 601 3191 requiescendi
614 3113 717 3180 studio,
732 3112 916 3170 constitutum
931 3116 982 3167 est.
1023 3108 1157 3167 Extincto
1171 3110 1246 3168 enim
1259 3128 1295 3168 se

340 3210 410 3260 natu
429 3202 586 3277 deletisque
604 3201 725 3278 judiciis,
742 3201 810 3277 quid
825 3209 876 3268 est,
892 3200 969 3278 quod
983 3200 1102 3276 dignum
1116 3198 1198 3257 nobis
1211 3200 1298 3258 autin

307 3299 324 3350 8
339 3293 415 3350 curia
428 3298 479 3349 aut
492 3291 520 3348 in
533 3291 595 3347 foro
608 3306 693 3367 agere
708 3290 872 3366 possimus?
913 3291 967 3357 Ita,
983 3288 1072 3367 quiin
1085 3289 1210 3347 maxima
1230 3291 1297 3349 cela'·

341 3382 445 3439 britate
457 3387 543 3457 atque
563 3380 592 3437 in
612 3378 700 3436 oculis
721 3379 823 3437 civium
837 3379 980 3458 quondam
994 3378 1154 3446 vixerimus,
1169 3398 1245 3438 nunc
1257 3381 1298 3439 fu·

338 3470 447 3549 gientes
471 3478 655 3547 conspectum
677 3470 886 3537 sceleratorum,
901 3471 1004 3547 quibus
1018 3469 1111 3526 omnia
1130 3469 1297 3537 redundant,

307 3559 469 3619 tabdimus
483 3579 543 3628 nos,
558 3567 696 3638 quantum
716 3560 789 3628 licet,
809 3567 838 3617 et
858 3579 935 3637 saepe
950 3560 1002 3618 soli
1015 3578 1120 3616 sumus.
1162 3559 1222 3618 Sed
1236 3561 1299 3639 quia

339 3649 379 3708 sic
392 3650 429 3708 ab
443 3650 603 3709 hominibus
618 3650 708 3708 doctis
724 3650 895 3727 accepimus,
911 3670 967 3707 non
980 3650 1072 3708 solum
1093 3668 1129 3707 ox
1148 3651 1233 3709 malis
1254 3652 1299 3710 eli·

337 3758 405 3819 gere
420 3739 534 3797 minima
547 3747 693 3818 oportere;
714 3740 765 3798 sed
786 3741 872 3797 etiam
892 3758 1043 3818 excerpere
1063 3759 1100 3797 ex
1121 3740 1165 3796 his
1185 3740 1299 3818 ipsis,si

339 3828 408 3908 quid
429 3829 534 3888 inesset
554 3829 636 3889 boni:
658 3836 810 3907 propterea
824 3838 853 3888 et
867 3830 924 3888 otio
937 3831 1024 3897 fruor,
1038 3849 1094 3888 non
1115 3830 1163 3888 illo
1176 3831 1299 3908 quidem,

338 3938 397 3999 quo
409 3918 578 3988 debebatis,
593 3919 642 3997 qui
655 3919 799 3997 quondam
821 3921 977 3997 peperisset
997 3920 1086 3978 otium
1106 3920 1229 3989 civitati;
1250 3941 1300 3981 nec
