3259 4775
653 609 740 651 man
759 609 791 650 n.
833 609 899 649 car.
920 610 985 650 vm.
1283 595 1320 650 tt

297 740 443 814 quamdiu
462 739 612 818 imperium
631 740 730 818 populi
749 739 871 802 Romani
888 739 1028 799 beneficiis
1040 740 1199 807 tenebatur,
1214 757 1270 797 non

300 824 428 907 injur-iis:
443 831 518 889 bella
531 838 582 887 aut
595 849 649 908 pro
662 830 751 897 sociis,
763 837 813 887 aut
828 829 864 887 de
878 829 995 907 imperio
1009 832 1196 908 gerebantnr;
1211 829 1268 887 exi·

307 921 356 976 ius
369 927 447 978 erant
458 920 598 978 bellorum
611 928 662 977 aut
674 920 757 977 mites
771 926 822 977 aut
842 920 1006 986 necessarii;
1027 939 1135 997 regum,
1150 919 1269 997 populo-

311 1023 383 1077 mm,
389 1010 533 1069 nationum
546 1017 646 1087 portus
660 1016 720 1067 erat
730 1016 760 1067 et
771 1009 913 1087 refugium
927 1016 1058 1076 senatns;
1072 1010 1160 1067 nostri
1173 1018 1269 1067 autem
1285 1016 1302 1067 3

317 1099 486 1177 magistratus
503 1101 744 1177 imperatoresque
758 1118 793 1157 er
807 1100 861 1157 hac
875 1117 975 1156 unare
989 1099 1142 1156 maximam
1155 1099 1270 1156 laudem

323 1203 411 1266 capere
423 1190 583 1258 studebant,
598 1190 622 1247 si
635 1189 798 1268 provincias,
815 1189 838 1246 si
851 1189 941 1246 socios
962 1189 1095 1266 aequitate
1109 1196 1138 1246 et
1151 1188 1207 1245 fide
1221 1188 1269 1246 de·
1305 1240 1309 1249 .

326 1274 468 1338 messena.
477 1297 488 1344 ι
496 1280 599 1357 Itaque
611 1279 682 1337 illud
692 1279 968 1357 patrocinium'orbis
979 1286 1063 1337 terrae
1073 1279 1173 1344 verius,
1186 1297 1271 1355 quam
1284 1283 1303 1336 4

330 1362 453 1445 imperium
467 1376 581 1449 poterat
593 1369 737 1427 nominari.
779 1368 890 1427 Sensim
907 1370 979 1426 hanc
995 1368 1226 1427 consuetudinem
1241 1376 1271 1426 et
1285 1378 1303 1428 5

287 1461 294 1518 l
333 1454 480 1536 tantm
490 1460 552 1538 jam
564 1458 778 1518 minuebamus:
798 1466 865 1537 post
878 1478 945 1517 vero
959 1459 1048 1517 Sulloe
1061 1459 1207 1517 victoriam
1221 1479 1269 1537 pe·

334 1544 390 1605 nto
407 1550 553 1609 amisimus.
593 1549 725 1607 Desitum
746 1555 791 1606 est
810 1549 884 1607 enim
897 1549 985 1607 videri
1006 1550 1157 1627 quicquam
1177 1550 1206 1607 in
1226 1555 1304 1607 sod

336 1633 378 1694 eius
387 1638 510 1717 iniquum,
526 1660 593 1700 cnm
606 1639 746 1697 extitisset
758 1638 787 1696 in
801 1639 876 1697 cives
890 1647 971 1697 tanta
992 1638 1151 1697 crudelitas.
1193 1640 1270 1718 Ergo
1285 1640 1302 1695 7

335 1723 402 1787 inille
410 1738 502 1790 secuta
515 1738 560 1788 cst
572 1732 721 1788 honestam
736 1748 851 1786 cansam
863 1748 920 1786 non
933 1730 1054 1786 honesta
1064 1730 1187 1786 victoria.
1218 1729 1271 1786 Est

336 1815 391 1876 etim
408 1839 488 1879 ansus
509 1820 612 1888 dicere,
626 1821 709 1877 hasta
730 1820 831 1897 posita,
847 1838 912 1877 cum
930 1818 1006 1876 bona
1019 1818 1047 1875 in
1060 1818 1122 1875 foro
1135 1816 1272 1875 venderet

336 1906 486 1968 ettenorum
497 1910 631 1977 virorum,
643 1916 672 1967 et
684 1909 869 1986 locupletum,
884 1917 914 1966 et
928 1916 1003 1965 certe
1018 1907 1128 1974 civium,
1144 1906 1271 1984 prodam

336 2011 433 2058 usuam
444 2000 576 2059 vendere.
617 1999 739 2057 Secutus
753 2007 805 2067 est,
820 2000 869 2077 qui
889 1999 918 2056 in
940 2017 1026 2057 causa
1046 1997 1140 2074 impia,
1155 1996 1303 2055 victorias

301 2083 315 2110 ·’
337 2084 399 2146 etiem
410 2090 532 2158 foediore,
546 2110 602 2148 non
620 2089 796 2169 singulorum
818 2090 920 2148 civium
943 2090 1018 2147 bona
1038 2088 1203 2166 publicaret,
1219 2088 1271 2146 sed

299 2203 302 2208 ·
337 2174 450 2238 universas
472 2180 629 2258 provincias
650 2180 836 2259 regionesque
856 2200 913 2238 uno
928 2179 1094 2237 calamitatis
1116 2180 1180 2257 jure
1195 2198 1270 2237 com-

337 2265 501 2340 prehenderet.
544 2271 653 2348 Itaque,
668 2270 776 2328 vexatis
790 2288 824 2329 ac
838 2270 954 2348 perditis
976 2269 1079 2327 exteris
1101 2269 1270 2337 nationibus,
1286 2275 1303 2326 9

336 2351 528 2441 tieremplum
548 2360 643 2419 amissi
663 2360 773 2439 imperii
793 2360 900 2439 portari
913 2360 941 2418 in
954 2360 1098 2438 triumpho
1119 2359 1272 2418 Massiliam

336 2442 437 2521 ruma,
451 2459 530 2511 etex
544 2471 577 2510 ea
597 2453 668 2510 urbe
691 2452 869 2529 triumphari,
885 2452 943 2509 sine
958 2471 1015 2529 qua
1026 2471 1171 2529 nunquam
1184 2451 1273 2509 nostri

336 2532 489 2614 amsans
504 2562 539 2601 ex
552 2542 741 2620 Transalpinis
755 2542 835 2600 bellis
845 2542 1064 2620 triumpharunt.
1094 2542 1187 2599 Multa
1200 2559 1271 2619 prae-
1288 2547 1322 2597 10

337 2626 395 2687 letes
405 2650 649 2690 commemorarem
669 2631 775 2688 nefaria
788 2631 818 2689 in
831 2633 930 2700 socios,
945 2633 969 2690 si
981 2633 1037 2689 hoc
1050 2651 1108 2689 uno
1121 2632 1273 2709 quicquam

337 2713 475 2780 sanasset
484 2721 634 2800 indignius.
668 2722 739 2781 Jurc
749 2721 837 2800 igitur
847 2721 1006 2800 plectimur.
1037 2722 1099 2778 Nisi
1113 2722 1186 2779 enim
1201 2719 1271 2777 mul·
1289 2725 1319 2776 11

337 2804 408 2868 m
418 2811 554 2890 impunita
572 2812 678 2870 scelera
698 2811 869 2880 tulissemus,
884 2830 1028 2888 nunquam
1042 2811 1080 2869 ad
1093 2831 1181 2868 unum
1195 2817 1275 2868 tanta

337 2902 482 2969 meimet
503 2902 630 2961 licentia:
652 2921 670 2959 a
690 2922 746 2980 quo
766 2902 882 2980 quidem
896 2902 937 2959 rei
949 2901 1092 2958 familiaris
1105 2901 1143 2958 ad
1158 2918 1273 2976 paucos,

338 2987 498 3063 auduom
512 2992 549 3050 ad
563 2992 667 3049 multos
681 2993 825 3069 improbos
839 2992 916 3049 venit
938 2988 1090 3047 hereditas.
1131 2989 1193 3045 Nec
1208 3007 1274 3046 vero
1290 2994 1325 3045 12

337 3086 435 3154 uquam
447 3083 588 3141 bellorum
602 3082 723 3140 civilium
736 3102 833 3140 semen
847 3088 877 3138 et
890 3098 976 3138 causa
990 3078 1088 3146 deerit,
1097 3074 1170 3135 'dum
1184 3078 1273 3135 homi-

336 3176 373 3222 Μ
388 3173 485 3249 perditi
506 3173 619 3230 hastam
637 3173 714 3229 illam
734 3179 881 3230 cruentam
895 3177 924 3228 et
944 3168 1122 3227 meminerint
1135 3174 1165 3225 et
1179 3185 1274 3245 spara·

335 3244 395 3349 litat
420 3263 513 3332 Quam
526 3262 560 3320 P.
571 3262 651 3320 Sulla
661 3282 727 3320 cum
735 3263 883 3329 vibrasset,
893 3261 1032 3318 dictatore
1044 3259 1275 3337 propinquusne,

333 3336 392 3406 idem
409 3360 489 3411 sexto
509 3353 650 3411 tricesimo
672 3371 747 3409 anno
766 3359 832 3429 post
846 3371 864 3408 a
877 3351 1054 3409 sceleratiore
1067 3350 1150 3407 hasta
1163 3368 1219 3406 non
1231 3367 1275 3405 re-

300 3460 303 3467 ·
332 3439 405 3500 escit.
433 3443 519 3501 Alter
532 3449 636 3510 antem,
648 3443 696 3520 qui
709 3443 737 3500 in
751 3442 798 3500 illa
812 3442 953 3499 dictatura
966 3441 1058 3498 scriba
1071 3439 1277 3508 fuerat,inhac

286 3602 289 3607 Ι
329 3513 373 3584 illi
384 3541 512 3610 quaestor
524 3533 658 3591 urbanus.
698 3533 743 3590 Ex
761 3551 818 3610 quo
839 3532 925 3590 debet
944 3531 1070 3608 intelligi,
1086 3530 1190 3588 talibus
1204 3547 1275 3606 prae-
1293 3535 1328 3586 13

285 3626 289 3631 ’
325 3609 380 3705 uiis
391 3622 547 3702 propositis,
562 3640 708 3699 nunqnam
727 3622 861 3680 defutura
881 3621 957 3680 bella
971 3620 1069 3678 civilia.
1111 3621 1213 3696 ltaque
1227 3637 1276 3696 pa·
1293 3624 1328 3675 14

321 3706 397 3768 miss
416 3713 501 3771 modo
522 3712 600 3771 urbis
622 3719 699 3770 stant
718 3719 747 3770 et
767 3711 979 3788 manentique
998 3710 1052 3788 ipsi
1069 3709 1131 3787 jam
1152 3716 1278 3766 extrema

318 3794 420 3860 'aelam
441 3809 619 3877 metuentes:
647 3820 707 3859 rem
730 3821 798 3859 vero
821 3802 965 3878 publicam
989 3800 1101 3878 penitus
1125 3798 1277 3856 amisimus

304 3866 412 3968 'Atque
423 3893 454 3952 in
465 3893 520 3951 has
534 3891 629 3951 clades
649 3891 797 3950 incidimus
812 3890 1002 3970 (redeundum
1017 3898 1060 3948 est
1074 3890 1148 3946 enim
1161 3888 1198 3944 ad
1214 3905 1278 3965 pro·
1294 3891 1329 3942 lo

305 3969 459 4062 Mum),
483 3982 553 4041 dum
576 3982 674 4050 metui,
695 4001 780 4060 quam
804 3981 862 4039 cari
885 4000 947 4039 esse
971 3987 1001 4038 et
1021 3979 1100 4056 diligi
1118 3977 1278 4035 maluimus.
