3259 4775
304 602 340 656 82
722 614 760 652 un
776 613 905 654 orsrcrrs

322 749 340 801 4
354 744 507 803 Africanus
521 744 607 802 nihilo
621 743 790 821 locupletior
801 742 980 821 Karthagine
1000 761 1107 801 eversa.
1148 741 1251 812 Quid?
1277 741 1344 822 qui

355 834 417 913 ejus
439 835 551 913 collega
572 833 626 891 fuit
645 834 674 892 in
695 851 822 902 censura,
837 833 870 891 L.
885 833 1049 901 Mummius,
1070 831 1211 911 numquid
1231 833 1339 911 eopio-

355 925 419 993 sior,
430 944 495 983 cum
506 923 729 1002 copiosissimam
743 925 843 982 urbem
858 923 987 981 funditus
1001 923 1185 982 sustulisset?
1213 923 1339 983 Italiam

355 1033 462 1083 ornare,
478 1033 564 1092 quam
579 1013 696 1072 domum
715 1032 805 1082 suam,
820 1014 928 1073 maluit.
970 1013 1152 1091 Quamquam
1175 1013 1262 1072 Italia
1282 1031 1314 1073 or

323 1116 340 1165 5
355 1113 430 1174 nata,
443 1106 544 1164 domus
557 1105 620 1183 ipsa
632 1104 702 1163 mihi
710 1104 823 1163 videtur
832 1104 963 1162 ornatior.
988 1104 1117 1162 ‘Nullum
1130 1104 1218 1183 igitur
1227 1103 1334 1164 sitim

356 1197 464 1255 taetrius
479 1204 523 1254 est
544 1195 646 1275 (uteo,
661 1195 738 1253 unde
758 1213 874 1273 egressa
887 1200 940 1262 est,
955 1194 1106 1252 reseratae
1120 1193 1226 1271 oratio)
1241 1213 1334 1271 quarn

355 1287 479 1355 avaritia,
495 1286 653 1365 praesertim
667 1286 695 1343 in
709 1284 884 1363 principibus
904 1303 965 1342 rem
985 1284 1129 1362 publicam
1143 1285 1335 1363 gubernanti-

323 1383 339 1435 6
355 1378 417 1436 bus.
459 1377 574 1434 Habere
589 1375 663 1433 enim
677 1375 800 1453 quaestui
813 1394 874 1433 rem
888 1375 1033 1452 publicam
1053 1393 1112 1432 uon
1131 1374 1220 1433 modo
1242 1382 1332 1453 turpe

324 1469 339 1526 'l
355 1474 407 1534 est,
423 1467 473 1524 sed
488 1466 657 1524 sceleratum
672 1465 758 1522 etiam
772 1471 802 1523 et
814 1465 963 1523 nefarium.
1004 1466 1107 1541 Itaque
1126 1465 1206 1542 quod
1220 1464 1330 1543 Apollo

355 1556 477 1634 Pythius
491 1555 637 1613 oraculum
659 1554 755 1623 edidit,
772 1555 907 1633 Spartam
921 1556 999 1613 nulla
1012 1573 1043 1613 re
1057 1555 1121 1623 alia,
1136 1554 1191 1613 nisi
1210 1555 1325 1614 avaritia

356 1665 417 1705 esse
442 1646 606 1724 perituram,
630 1645 661 1703 id
684 1645 798 1703 videtur
820 1664 878 1703 non
901 1646 995 1704 solum
1017 1645 1253 1714 Lacedaemoniis,
1275 1644 1324 1704 sed

324 1738 442 1796 Setiam
456 1736 587 1795 omnibus
606 1736 747 1815 opulentis
768 1736 882 1813 populis
904 1736 1076 1814 praedixisse.
1119 1735 1209 1794 Nulla
1230 1743 1320 1794 autem

355 1847 386 1886 re
408 1828 556 1887 conciliare
579 1827 688 1885 facilius
709 1826 928 1884 benivolentiam
947 1825 1137 1884 multitudiuis
1158 1833 1279 1903 possunt
1296 1825 1319 1894 ii,

356 1920 404 1996 qui
417 1920 457 1977 rei
471 1918 594 1997 publioae
608 1923 743 1995 praesunt,
756 1935 843 1994 quam
857 1916 1026 1974 abstinentia
1040 1922 1070 1973 et
1083 1916 1265 1976 continentia.

323 2016 340 2068 9
395 2009 451 2079 Qui
472 2027 539 2066 vero
563 2026 594 2064 se
618 2007 770 2084 populares
793 2006 902 2073 volunt,
928 2007 966 2064 ob
990 2024 1111 2083 eamque
1136 2024 1253 2064 causam
1275 2011 1318 2065 aui

356 2098 496 2177 agrariam
510 2115 571 2154 rem
585 2103 704 2165 tentant,
720 2103 753 2153 ut
766 2115 944 2174 possessores
958 2095 1101 2173 pellantur
1122 2096 1182 2154 suis
1201 2096 1318 2164 sedibus.

356 2196 406 2246 aut
421 2187 554 2265 pecunias
569 2186 691 2244 ereditas
705 2186 881 2244 debitoribus
895 2185 1097 2244 condonandas
1111 2193 1234 2263 putant:
1249 2187 1319 2245 labe

356 2281 466 2336 lactant
487 2277 672 2335 fundamenta
685 2277 724 2334 rei
746 2277 870 2355 publicae
881 2296 888 2345 ;
910 2276 1091 2335 concordiam
1113 2277 1321 2355 primumque

356 2389 419 2428 esse
441 2389 497 2427 non
518 2375 622 2449 potest,
638 2388 703 2426 oum
724 2368 784 2426 aliis
805 2367 977 2436 adimuntur,
992 2367 1052 2425 aliis
1067 2367 1264 2426 condonantur
1277 2386 1322 2448 pe·

357 2460 460 2526 cuniae;
477 2456 578 2516 deinde
593 2448 764 2535 aeduitatem,
776 2478 841 2535 quae
855 2459 963 2516 tollitur
973 2458 1073 2527 omnis,
1085 2458 1108 2516 si
1121 2458 1228 2517 habere
1243 2478 1323 2517 suum

307 2558 342 2625 10
357 2550 458 2626 cuique
471 2568 528 2606 non
541 2548 615 2606 licet.
650 2548 686 2606 Id
701 2549 775 2606 enim
789 2556 834 2607 est
848 2549 994 2627 proprium
1010 2548 1055 2628 (ut
1075 2568 1163 2628 supra
1177 2547 1246 2628 dixi)
1262 2550 1325 2608 oiri·

358 2641 424 2698 tatis
438 2646 524 2716 atque
538 2639 625 2707 urbis,
637 2645 670 2696 ut
680 2639 703 2697 si
717 2639 804 2697 libera
815 2646 845 2697 et
857 2658 914 2696 non
928 2639 1047 2697 sollicita
1061 2658 1121 2697 suae
1134 2641 1175 2698 rei
1186 2640 1325 2719 cujusquo

308 2738 340 2790 11
357 2730 494 2789 custodia.
536 2729 636 2808 Atque
657 2730 687 2787 in
707 2731 761 2787 hac
784 2730 906 2807 pernicie
926 2730 967 2788 rei
987 2729 1111 2808 publioae
1124 2731 1253 2788 ncillam
1267 2730 1327 2808 qui·
1345 2804 1348 2813 Ι

308 2822 425 2881 ladem
450 2827 671 2899 consequuntur,
692 2839 779 2898 quam
804 2826 916 2897 putant,
941 2821 1071 2898 gratiam.
1113 2820 1190 2878 Nam
1213 2821 1261 2878 cui
1282 2839 1327 2880 ros

357 2920 456 2990 erepta
476 2918 528 2980 est,
550 2919 594 2970 est
614 2910 759 2969 inimicus:
781 2910 827 2967 cui
849 2911 917 2968 data
938 2918 990 2977 est,
1006 2911 1092 2969 etiam
1112 2910 1283 2980 dissimulat,
1297 2928 1329 2971 se

357 3004 485 3081 accipere
509 3003 648 3061 voluisse:
670 3008 700 3060 et
721 3000 843 3059 maxime
865 3000 894 3058 in
915 3001 1041 3078 pecuniis
1063 3001 1176 3058 creditis
1200 3001 1329 3061 occultat

307 3100 342 3151 13
354 3088 441 3151 'suum
461 3093 608 3172 gaudium,
629 3112 665 3150 ne
679 3092 809 3150 videatur
828 3110 886 3165 non
907 3090 994 3148 fuisse
1016 3091 1161 3149 solvendo.
1201 3091 1246 3149 At
1260 3110 1330 3150 vero

232 3175 236 3181 ’
356 3184 410 3251 ille,
426 3183 475 3260 qui
489 3183 599 3260 accepit
617 3182 757 3258 injuriam,
771 3189 801 3238 et
814 3181 950 3249 meminit,
966 3188 996 3238 et
1010 3200 1070 3259 prae
1084 3200 1114 3239 se
1128 3181 1184 3239 fert
1198 3180 1330 3241 dolorem

357 3292 456 3331 suum:
478 3291 539 3339 nec,
565 3271 589 3328 si
613 3271 710 3348 plures
734 3279 800 3328 sunt
824 3272 849 3340 ii,
875 3271 977 3349 quibus
1001 3271 1130 3349 improbe
1151 3270 1252 3328 datum
1274 3279 1328 3342 est,

358 3382 444 3440 quam
465 3362 514 3428 illi,
530 3360 633 3436 quibus
655 3359 759 3436 injuste
779 3360 947 3438 ademptum
961 3368 1013 3429 est,
1028 3361 1132 3418 idcirco
1153 3361 1218 3438 plus
1240 3362 1330 3421 etiam

358 3452 459 3509 valent.
502 3449 569 3507 Non
592 3448 666 3506 enim
690 3469 809 3507 numero
833 3451 896 3508 haec
918 3451 1091 3530 judicantur,
1112 3451 1166 3508 ¹sed
1190 3451 1329 3528 pondere.

310 3550 342 3603 14
358 3545 451 3613 Quam
471 3547 568 3598 autem
590 3541 680 3599 habet
703 3542 877 3619 aequitatem,
891 3550 924 3599 ut
938 3561 1040 3621 agrum
1060 3541 1157 3598 multis
1171 3541 1261 3609 annis,
1278 3550 1331 3602 aut

358 3632 443 3691 etiam
464 3631 583 3698 saeoulis
599 3638 665 3689 ante
687 3651 860 3709 possessum,
876 3632 925 3708 qui
945 3633 1055 3689 nullum
1075 3631 1184 3699 habuit,
1199 3631 1329 3691 habeat:

358 3722 407 3802 qui
419 3728 516 3779 autem
530 3721 638 3789 habuit,
653 3722 788 3780 amittat?
822 3722 935 3780 XXIII.
955 3723 1001 3780 Ao
1016 3729 1135 3800 propter
1148 3722 1202 3779 hoc
1216 3721 1331 3800 injuria

356 3831 448 3893 genus
462 3810 669 3869 Lacedaemonii
682 3811 864 3889 Lysandrum
878 3813 1018 3888 ephorum
1038 3812 1225 3890 expulerunt;
1246 3812 1329 3893 Agin

273 3984 276 3988 .
357 3922 463 3984 regem,
475 3901 552 3980 quod
566 3920 712 3978 nunquam
726 3908 810 3959 antea
823 3902 902 3979 apud
916 3920 965 3959 eos
978 3901 1130 3970 acciderat,
1142 3911 1329 3964 necaverunt.

325 3994 457 4072 2llxque
479 4011 513 4051 eo
535 3998 663 4068 tempore
684 3998 772 4049 tantae
793 3991 943 4050 discordiae
962 3998 1070 4050 secutae
1090 3998 1165 4056 sunt,
1180 3997 1259 4049 utet
1281 4000 1329 4072 ty-
