<?xml version="1.0" encoding="UTF-8"?>
<!DOCTYPE html PUBLIC "-//W3C//DTD XHTML 1.0 Transitional//EN"
    "http://www.w3.org/TR/xhtml1/DTD/xhtml1-transitional.dtd">
<html xmlns="http://www.w3.org/1999/xhtml" xml:lang="en" lang="en">
 <head>
  <title>
</title>
<meta http-equiv="Content-Type" content="text/html;charset=utf-8" />
  <meta name='ocr-system' content='tesseract 3.04.00' />
  <meta name='ocr-capabilities' content='ocr_page ocr_carea ocr_par ocr_line ocrx_word'/>
</head>
<body>
  <div class='ocr_page' id='page_1' title='image "./mtulliiciceroni00thacgoog_0070.png"; bbox 0 0 3259 4775; ppageno 0'>
   <div class='ocr_carea' id='block_1_1' title="bbox 302 545 900 600">
    <p class='ocr_par' dir='ltr' id='par_1_1' title="bbox 302 545 900 600">
     <span class='ocr_line' id='line_1_1' title="bbox 302 545 900 600; baseline 0.002 -3"><span class='ocrx_word' id='word_1_1' title='bbox 302 545 339 598; x_wconf 72' lang='lat'><strong>⁰¹2</strong></span> <span class='ocrx_word' id='word_1_2' title='bbox 720 559 759 598; x_wconf 83' lang='lat' dir='ltr'><strong>nn</strong></span> <span class='ocrx_word' id='word_1_3' title='bbox 773 559 900 600; x_wconf 86' lang='lat' dir='ltr'><strong>omucrrs</strong></span> 
     </span>
    </p>
   </div>
   <div class='ocr_carea' id='block_1_2' title="bbox 319 686 1331 2209">
    <p class='ocr_par' dir='ltr' id='par_1_2' title="bbox 319 686 1331 2209">
     <span class='ocr_line' id='line_1_2' title="bbox 352 686 1287 767; baseline -0.002 -21"><span class='ocrx_word' id='word_1_4' title='bbox 352 689 441 746; x_wconf 92' lang='lat' dir='ltr'><strong>mines</strong></span> <span class='ocrx_word' id='word_1_5' title='bbox 463 689 617 767; x_wconf 88' lang='lat' dir='ltr'><strong>plurimum</strong></span> <span class='ocrx_word' id='word_1_6' title='bbox 639 688 801 747; x_wconf 90' lang='lat' dir='ltr'><strong>hominibus</strong></span> <span class='ocrx_word' id='word_1_7' title='bbox 819 697 849 748; x_wconf 88' lang='lat' dir='ltr'><strong>et</strong></span> <span class='ocrx_word' id='word_1_8' title='bbox 869 689 977 767; x_wconf 86' lang='lat' dir='ltr'><strong>prosint</strong></span> <span class='ocrx_word' id='word_1_9' title='bbox 993 695 1024 748; x_wconf 85' lang='lat' dir='ltr'><strong>et</strong></span> <span class='ocrx_word' id='word_1_10' title='bbox 1036 688 1148 747; x_wconf 89' lang='lat' dir='ltr'><strong>obsint:</strong></span> <span class='ocrx_word' id='word_1_11' title='bbox 1169 686 1287 767; x_wconf 68' lang='lat' dir='ltr'><strong>proprius</strong></span> 
     </span>
     <span class='ocr_line' id='line_1_3' title="bbox 352 770 1288 838; baseline -0.003 -2"><span class='ocrx_word' id='word_1_12' title='bbox 352 777 407 836; x_wconf 86' lang='lat' dir='ltr'><strong>&#39;noe</strong></span> <span class='ocrx_word' id='word_1_13' title='bbox 420 785 516 836; x_wconf 87' lang='lat' dir='ltr'><strong>statuo</strong></span> <span class='ocrx_word' id='word_1_14' title='bbox 529 797 591 836; x_wconf 87' lang='lat' dir='ltr'><strong>esse</strong></span> <span class='ocrx_word' id='word_1_15' title='bbox 605 779 710 837; x_wconf 90' lang='lat' dir='ltr'><strong>virtu</strong></span> <span class='ocrx_word' id='word_1_16' title='bbox 719 779 771 837; x_wconf 89' lang='lat' dir='ltr'><strong>tis</strong></span> <span class='ocrx_word' id='word_1_17' title='bbox 790 779 937 838; x_wconf 88' lang='lat' dir='ltr'><strong>conciliare</strong></span> <span class='ocrx_word' id='word_1_18' title='bbox 954 779 1065 838; x_wconf 89' lang='lat' dir='ltr'><strong>animos</strong></span> <span class='ocrx_word' id='word_1_19' title='bbox 1077 778 1219 837; x_wconf 92' lang='lat' dir='ltr'><strong>hominum</strong></span> <span class='ocrx_word' id='word_1_20' title='bbox 1230 770 1288 836; x_wconf 77' lang='lat' dir='ltr'><strong>cert</strong></span> 
     </span>
     <span class='ocr_line' id='line_1_4' title="bbox 320 868 1289 947; baseline -0.002 -21"><span class='ocrx_word' id='word_1_21' title='bbox 320 874 337 926; x_wconf 89' lang='lat'><strong>6</strong></span> <span class='ocrx_word' id='word_1_22' title='bbox 353 888 421 926; x_wconf 90' lang='lat' dir='ltr'><strong>usus</strong></span> <span class='ocrx_word' id='word_1_23' title='bbox 441 888 507 927; x_wconf 89' lang='lat' dir='ltr'><strong>suos</strong></span> <span class='ocrx_word' id='word_1_24' title='bbox 527 869 693 947; x_wconf 88' lang='lat' dir='ltr'><strong>adjungere.</strong></span> <span class='ocrx_word' id='word_1_25' title='bbox 737 869 850 946; x_wconf 85' lang='lat' dir='ltr'><strong>Itaque,</strong></span> <span class='ocrx_word' id='word_1_26' title='bbox 864 889 930 947; x_wconf 77' lang='lat' dir='ltr'><strong>qum</strong></span> <span class='ocrx_word' id='word_1_27' title='bbox 944 868 973 928; x_wconf 92' lang='lat' dir='ltr'><strong>in</strong></span> <span class='ocrx_word' id='word_1_28' title='bbox 990 869 1077 928; x_wconf 89' lang='lat' dir='ltr'><strong>rebus</strong></span> <span class='ocrx_word' id='word_1_29' title='bbox 1090 868 1221 936; x_wconf 85' lang='lat' dir='ltr'><strong>inanimis,</strong></span> <span class='ocrx_word' id='word_1_30' title='bbox 1233 881 1289 945; x_wconf 68' lang='lat' dir='ltr'><strong>qua</strong></span> 
     </span>
     <span class='ocr_line' id='line_1_5' title="bbox 352 957 1331 1042; baseline -0.002 -26"><span class='ocrx_word' id='word_1_31' title='bbox 352 978 408 1036; x_wconf 89' lang='lat' dir='ltr'><strong>que</strong></span> <span class='ocrx_word' id='word_1_32' title='bbox 421 958 450 1017; x_wconf 92' lang='lat' dir='ltr'><strong>in</strong></span> <span class='ocrx_word' id='word_1_33' title='bbox 463 978 519 1016; x_wconf 90' lang='lat' dir='ltr'><strong>usu</strong></span> <span class='ocrx_word' id='word_1_34' title='bbox 529 966 559 1017; x_wconf 92' lang='lat' dir='ltr'><strong>et</strong></span> <span class='ocrx_word' id='word_1_35' title='bbox 571 959 739 1017; x_wconf 79' lang='lat' dir='ltr'><strong>tractatione</strong></span> <span class='ocrx_word' id='word_1_36' title='bbox 752 958 902 1017; x_wconf 87' lang='lat' dir='ltr'><strong>beluarum</strong></span> <span class='ocrx_word' id='word_1_37' title='bbox 915 958 988 1018; x_wconf 91' lang='lat' dir='ltr'><strong>fiunt</strong></span> <span class='ocrx_word' id='word_1_38' title='bbox 1000 958 1107 1017; x_wconf 85' lang='lat' dir='ltr'><strong>utiliter</strong></span> <span class='ocrx_word' id='word_1_39' title='bbox 1120 957 1159 1017; x_wconf 85' lang='lat' dir='ltr'><strong>ad</strong></span> <span class='ocrx_word' id='word_1_40' title='bbox 1170 957 1290 1016; x_wconf 89' lang='lat' dir='ltr'><strong>hominm</strong></span> <span class='ocrx_word' id='word_1_41' title='bbox 1329 1015 1331 1042; x_wconf 24' lang='grc' dir='ltr'>τ</span> 
     </span>
     <span class='ocr_line' id='line_1_6' title="bbox 352 1048 1292 1126; baseline -0.002 -20"><span class='ocrx_word' id='word_1_42' title='bbox 352 1049 449 1116; x_wconf 63' lang='lat' dir='ltr'><strong>litam,</strong></span> <span class='ocrx_word' id='word_1_43' title='bbox 464 1049 573 1108; x_wconf 90' lang='lat' dir='ltr'><strong>artibus</strong></span> <span class='ocrx_word' id='word_1_44' title='bbox 594 1069 628 1107; x_wconf 85' lang='lat' dir='ltr'><strong>eo</strong></span> <span class='ocrx_word' id='word_1_45' title='bbox 646 1049 810 1107; x_wconf 89' lang='lat' dir='ltr'><strong>tribuuntur</strong></span> <span class='ocrx_word' id='word_1_46' title='bbox 823 1048 949 1126; x_wconf 81' lang='lat' dir='ltr'><strong>operosis</strong></span> <span class='ocrx_word' id='word_1_47' title='bbox 957 1067 966 1118; x_wconf 88' lang='lat'>;</span> <span class='ocrx_word' id='word_1_48' title='bbox 985 1049 1134 1108; x_wconf 91' lang='lat' dir='ltr'><strong>hominum</strong></span> <span class='ocrx_word' id='word_1_49' title='bbox 1147 1055 1239 1107; x_wconf 90' lang='lat' dir='ltr'><strong>autem</strong></span> <span class='ocrx_word' id='word_1_50' title='bbox 1250 1051 1292 1104; x_wconf 80' lang='lat' dir='ltr'><strong>m·</strong></span> 
     </span>
     <span class='ocr_line' id='line_1_7' title="bbox 351 1139 1293 1219; baseline -0.001 -22"><span class='ocrx_word' id='word_1_51' title='bbox 351 1139 398 1197; x_wconf 89' lang='lat' dir='ltr'><strong>dia</strong></span> <span class='ocrx_word' id='word_1_52' title='bbox 411 1141 449 1198; x_wconf 93' lang='lat' dir='ltr'><strong>ad</strong></span> <span class='ocrx_word' id='word_1_53' title='bbox 463 1140 707 1219; x_wconf 88' lang='lat' dir='ltr'><strong>amplificationem</strong></span> <span class='ocrx_word' id='word_1_54' title='bbox 725 1146 885 1197; x_wconf 88' lang='lat' dir='ltr'><strong>nostrarum</strong></span> <span class='ocrx_word' id='word_1_55' title='bbox 903 1157 999 1197; x_wconf 90' lang='lat' dir='ltr'><strong>rerum</strong></span> <span class='ocrx_word' id='word_1_56' title='bbox 1013 1147 1147 1217; x_wconf 87' lang='lat' dir='ltr'><strong>prompta</strong></span> <span class='ocrx_word' id='word_1_57' title='bbox 1161 1157 1194 1196; x_wconf 89' lang='lat' dir='ltr'><strong>ao</strong></span> <span class='ocrx_word' id='word_1_58' title='bbox 1206 1141 1293 1215; x_wconf 59' lang='lat' dir='ltr'><strong>parnis</strong></span> 
     </span>
     <span class='ocr_line' id='line_1_8' title="bbox 320 1225 1294 1308; baseline -0.003 -19"><span class='ocrx_word' id='word_1_59' title='bbox 320 1229 336 1289; x_wconf 83' lang='lat' dir='ltr'><strong>&#39;l</strong></span> <span class='ocrx_word' id='word_1_60' title='bbox 352 1229 475 1289; x_wconf 90' lang='lat' dir='ltr'><strong>virorum</strong></span> <span class='ocrx_word' id='word_1_61' title='bbox 488 1230 685 1308; x_wconf 74' lang='lat' dir='ltr'><strong>praestantium</strong></span> <span class='ocrx_word' id='word_1_62' title='bbox 698 1228 836 1307; x_wconf 89' lang='lat' dir='ltr'><strong>sapientia</strong></span> <span class='ocrx_word' id='word_1_63' title='bbox 849 1236 879 1288; x_wconf 90' lang='lat' dir='ltr'><strong>et</strong></span> <span class='ocrx_word' id='word_1_64' title='bbox 892 1229 995 1288; x_wconf 85' lang='lat' dir='ltr'><strong>virtute</strong></span> <span class='ocrx_word' id='word_1_65' title='bbox 1009 1229 1176 1288; x_wconf 83' lang='lat' dir='ltr'><strong>excitantur.</strong></span> <span class='ocrx_word' id='word_1_66' title='bbox 1203 1225 1294 1287; x_wconf 79' lang='lat' dir='ltr'><strong>Etenim</strong></span> 
     </span>
     <span class='ocr_line' id='line_1_9' title="bbox 351 1319 1296 1397; baseline -0.002 -20"><span class='ocrx_word' id='word_1_67' title='bbox 351 1321 440 1378; x_wconf 83' lang='lat' dir='ltr'><strong>virtus</strong></span> <span class='ocrx_word' id='word_1_68' title='bbox 462 1320 552 1378; x_wconf 91' lang='lat' dir='ltr'><strong>omnis</strong></span> <span class='ocrx_word' id='word_1_69' title='bbox 574 1320 665 1378; x_wconf 90' lang='lat' dir='ltr'><strong>tribus</strong></span> <span class='ocrx_word' id='word_1_70' title='bbox 686 1320 714 1377; x_wconf 93' lang='lat' dir='ltr'><strong>in</strong></span> <span class='ocrx_word' id='word_1_71' title='bbox 734 1320 820 1377; x_wconf 88' lang='lat' dir='ltr'><strong>rebus</strong></span> <span class='ocrx_word' id='word_1_72' title='bbox 839 1319 897 1378; x_wconf 85' lang='lat' dir='ltr'><strong>fere</strong></span> <span class='ocrx_word' id='word_1_73' title='bbox 911 1319 1046 1378; x_wconf 89' lang='lat' dir='ltr'><strong>vertitur:</strong></span> <span class='ocrx_word' id='word_1_74' title='bbox 1068 1338 1190 1397; x_wconf 89' lang='lat' dir='ltr'><strong>quarum</strong></span> <span class='ocrx_word' id='word_1_75' title='bbox 1203 1319 1296 1377; x_wconf 73' lang='lat' dir='ltr'><strong>unane</strong></span> 
     </span>
     <span class='ocr_line' id='line_1_10' title="bbox 350 1405 1295 1488; baseline 0 -22"><span class='ocrx_word' id='word_1_76' title='bbox 350 1409 378 1466; x_wconf 92' lang='lat' dir='ltr'><strong>in</strong></span> <span class='ocrx_word' id='word_1_77' title='bbox 400 1409 603 1487; x_wconf 86' lang='lat' dir='ltr'><strong>perspiciendo,</strong></span> <span class='ocrx_word' id='word_1_78' title='bbox 619 1409 688 1485; x_wconf 92' lang='lat' dir='ltr'><strong>quid</strong></span> <span class='ocrx_word' id='word_1_79' title='bbox 709 1409 737 1465; x_wconf 92' lang='lat' dir='ltr'><strong>in</strong></span> <span class='ocrx_word' id='word_1_80' title='bbox 750 1428 863 1487; x_wconf 92' lang='lat' dir='ltr'><strong>quaque</strong></span> <span class='ocrx_word' id='word_1_81' title='bbox 885 1428 916 1468; x_wconf 92' lang='lat' dir='ltr'><strong>re</strong></span> <span class='ocrx_word' id='word_1_82' title='bbox 937 1429 1037 1469; x_wconf 89' lang='lat' dir='ltr'><strong>verum</strong></span> <span class='ocrx_word' id='word_1_83' title='bbox 1055 1405 1295 1488; x_wconf 73' lang='lat' dir='ltr'><strong>sincemmques&#39;d,</strong></span> 
     </span>
     <span class='ocr_line' id='line_1_11' title="bbox 350 1498 1314 1577; baseline 0.001 -21"><span class='ocrx_word' id='word_1_84' title='bbox 350 1499 418 1576; x_wconf 93' lang='lat' dir='ltr'><strong>quid</strong></span> <span class='ocrx_word' id='word_1_85' title='bbox 432 1505 651 1556; x_wconf 89' lang='lat' dir='ltr'><strong>consentaneum</strong></span> <span class='ocrx_word' id='word_1_86' title='bbox 665 1499 774 1576; x_wconf 86' lang='lat' dir='ltr'><strong>cuique,</strong></span> <span class='ocrx_word' id='word_1_87' title='bbox 790 1499 859 1577; x_wconf 93' lang='lat' dir='ltr'><strong>quid</strong></span> <span class='ocrx_word' id='word_1_88' title='bbox 873 1519 1056 1577; x_wconf 85' lang='lat' dir='ltr'><strong>consequens,</strong></span> <span class='ocrx_word' id='word_1_89' title='bbox 1071 1518 1107 1558; x_wconf 91' lang='lat' dir='ltr'><strong>ex</strong></span> <span class='ocrx_word' id='word_1_90' title='bbox 1120 1519 1179 1577; x_wconf 93' lang='lat' dir='ltr'><strong>quo</strong></span> <span class='ocrx_word' id='word_1_91' title='bbox 1192 1498 1314 1577; x_wconf 76' lang='lat' dir='ltr'><strong>quidqu·</strong></span> 
     </span>
     <span class='ocr_line' id='line_1_12' title="bbox 319 1588 1295 1667; baseline 0 -22"><span class='ocrx_word' id='word_1_92' title='bbox 319 1595 336 1646; x_wconf 83' lang='grc'>8</span> <span class='ocrx_word' id='word_1_93' title='bbox 350 1588 493 1667; x_wconf 85' lang='lat' dir='ltr'><strong>gignatur,</strong></span> <span class='ocrx_word' id='word_1_94' title='bbox 507 1608 573 1665; x_wconf 84' lang='lat' dir='ltr'><strong>quoe</strong></span> <span class='ocrx_word' id='word_1_95' title='bbox 589 1588 726 1666; x_wconf 89' lang='lat' dir='ltr'><strong>cujusque</strong></span> <span class='ocrx_word' id='word_1_96' title='bbox 740 1590 781 1647; x_wconf 90' lang='lat' dir='ltr'><strong>rei</strong></span> <span class='ocrx_word' id='word_1_97' title='bbox 794 1608 880 1647; x_wconf 76' lang='lat' dir='ltr'><strong>cama</strong></span> <span class='ocrx_word' id='word_1_98' title='bbox 894 1590 946 1658; x_wconf 88' lang='lat' dir='ltr'><strong>sit;</strong></span> <span class='ocrx_word' id='word_1_99' title='bbox 967 1590 1097 1660; x_wconf 89' lang='lat' dir='ltr'><strong>alterum,</strong></span> <span class='ocrx_word' id='word_1_100' title='bbox 1110 1591 1239 1649; x_wconf 90' lang='lat' dir='ltr'><strong>cohibere</strong></span> <span class='ocrx_word' id='word_1_101' title='bbox 1250 1605 1295 1647; x_wconf 85' lang='lat' dir='ltr'><strong>mo</strong></span> 
     </span>
     <span class='ocr_line' id='line_1_13' title="bbox 351 1678 1295 1759; baseline 0.002 -24"><span class='ocrx_word' id='word_1_102' title='bbox 351 1685 397 1736; x_wconf 91' lang='lat' dir='ltr'><strong>tus</strong></span> <span class='ocrx_word' id='word_1_103' title='bbox 417 1678 501 1736; x_wconf 88' lang='lat' dir='ltr'><strong>animi</strong></span> <span class='ocrx_word' id='word_1_104' title='bbox 521 1679 658 1746; x_wconf 89' lang='lat' dir='ltr'><strong>turbatos,</strong></span> <span class='ocrx_word' id='word_1_105' title='bbox 679 1698 751 1756; x_wconf 91' lang='lat' dir='ltr'><strong>quos</strong></span> <span class='ocrx_word' id='word_1_106' title='bbox 773 1680 871 1738; x_wconf 87' lang='lat' dir='ltr'><strong>Graeei</strong></span> <span class='ocrx_word' id='word_1_107' title='bbox 889 1679 966 1748; x_wconf 57' lang='grc' dir='ltr'><strong>πάθη</strong></span> <span class='ocrx_word' id='word_1_108' title='bbox 986 1680 1141 1749; x_wconf 88' lang='lat' dir='ltr'><strong>nominant,</strong></span> <span class='ocrx_word' id='word_1_109' title='bbox 1166 1678 1295 1759; x_wconf 85' lang='lat' dir='ltr'><strong>appetitio</strong></span> 
     </span>
     <span class='ocr_line' id='line_1_14' title="bbox 352 1769 1295 1848; baseline 0.001 -22"><span class='ocrx_word' id='word_1_110' title='bbox 352 1789 466 1847; x_wconf 85' lang='lat' dir='ltr'><strong>nosque,</strong></span> <span class='ocrx_word' id='word_1_111' title='bbox 485 1789 555 1848; x_wconf 91' lang='lat' dir='ltr'><strong>quas</strong></span> <span class='ocrx_word' id='word_1_112' title='bbox 573 1770 612 1829; x_wconf 94' lang='lat' dir='ltr'><strong>illi</strong></span> <span class='ocrx_word' id='word_1_113' title='bbox 632 1770 722 1848; x_wconf 63' lang='lat' dir='ltr'><strong>ippodes,</strong></span> <span class='ocrx_word' id='word_1_114' title='bbox 737 1770 901 1829; x_wconf 86' lang='lat' dir='ltr'><strong>obedientes</strong></span> <span class='ocrx_word' id='word_1_115' title='bbox 922 1771 1032 1829; x_wconf 89' lang='lat' dir='ltr'><strong>efficere</strong></span> <span class='ocrx_word' id='word_1_116' title='bbox 1051 1770 1171 1838; x_wconf 87' lang='lat' dir='ltr'><strong>rationi;</strong></span> <span class='ocrx_word' id='word_1_117' title='bbox 1191 1769 1295 1834; x_wconf 82' lang='lat' dir='ltr'><strong>tertium,</strong></span> 
     </span>
     <span class='ocr_line' id='line_1_15' title="bbox 350 1860 1296 1940; baseline -0.001 -23"><span class='ocrx_word' id='word_1_118' title='bbox 350 1860 390 1928; x_wconf 89' lang='lat' dir='ltr'><strong>iis,</strong></span> <span class='ocrx_word' id='word_1_119' title='bbox 406 1862 575 1938; x_wconf 87' lang='lat' dir='ltr'><strong>quibuscum</strong></span> <span class='ocrx_word' id='word_1_120' title='bbox 596 1880 811 1940; x_wconf 83' lang='lat' dir='ltr'><strong>congregamur,</strong></span> <span class='ocrx_word' id='word_1_121' title='bbox 825 1861 868 1918; x_wconf 87' lang='lat' dir='ltr'><strong>uti</strong></span> <span class='ocrx_word' id='word_1_122' title='bbox 887 1861 1032 1919; x_wconf 87' lang='lat' dir='ltr'><strong>moderate</strong></span> <span class='ocrx_word' id='word_1_123' title='bbox 1053 1867 1083 1918; x_wconf 93' lang='lat' dir='ltr'><strong>et</strong></span> <span class='ocrx_word' id='word_1_124' title='bbox 1103 1861 1230 1929; x_wconf 87' lang='lat' dir='ltr'><strong>scienter,</strong></span> <span class='ocrx_word' id='word_1_125' title='bbox 1243 1875 1296 1938; x_wconf 81' lang='lat' dir='ltr'><strong>quo</strong></span> 
     </span>
     <span class='ocr_line' id='line_1_16' title="bbox 350 1951 1296 2029; baseline -0.001 -22"><span class='ocrx_word' id='word_1_126' title='bbox 350 1970 414 2007; x_wconf 89' lang='lat' dir='ltr'><strong>rum</strong></span> <span class='ocrx_word' id='word_1_127' title='bbox 436 1952 536 2008; x_wconf 90' lang='lat' dir='ltr'><strong>studiis</strong></span> <span class='ocrx_word' id='word_1_128' title='bbox 558 1970 600 2016; x_wconf 90' lang='lat' dir='ltr'><strong>ea,</strong></span> <span class='ocrx_word' id='word_1_129' title='bbox 619 1970 683 2027; x_wconf 82' lang='lat' dir='ltr'><strong>quae</strong></span> <span class='ocrx_word' id='word_1_130' title='bbox 701 1959 803 2008; x_wconf 85' lang='lat' dir='ltr'><strong>natura</strong></span> <span class='ocrx_word' id='word_1_131' title='bbox 820 1951 970 2019; x_wconf 88' lang='lat' dir='ltr'><strong>desiderat,</strong></span> <span class='ocrx_word' id='word_1_132' title='bbox 986 1951 1101 2029; x_wconf 85' lang='lat' dir='ltr'><strong>expleta</strong></span> <span class='ocrx_word' id='word_1_133' title='bbox 1114 1952 1296 2027; x_wconf 77' lang='lat' dir='ltr'><strong>cumulataque</strong></span> 
     </span>
     <span class='ocr_line' id='line_1_17' title="bbox 351 2039 1295 2119; baseline 0.002 -23"><span class='ocrx_word' id='word_1_134' title='bbox 351 2040 516 2106; x_wconf 87' lang='lat' dir='ltr'><strong>habeamus,</strong></span> <span class='ocrx_word' id='word_1_135' title='bbox 531 2058 583 2116; x_wconf 89' lang='lat' dir='ltr'><strong>per</strong></span> <span class='ocrx_word' id='word_1_136' title='bbox 602 2039 784 2117; x_wconf 90' lang='lat' dir='ltr'><strong>eosdemque,</strong></span> <span class='ocrx_word' id='word_1_137' title='bbox 799 2041 823 2098; x_wconf 90' lang='lat' dir='ltr'><strong>si</strong></span> <span class='ocrx_word' id='word_1_138' title='bbox 839 2041 908 2118; x_wconf 92' lang='lat' dir='ltr'><strong>quid</strong></span> <span class='ocrx_word' id='word_1_139' title='bbox 928 2041 1099 2119; x_wconf 84' lang='lat' dir='ltr'><strong>importetur</strong></span> <span class='ocrx_word' id='word_1_140' title='bbox 1114 2042 1196 2100; x_wconf 89' lang='lat' dir='ltr'><strong>nobis</strong></span> <span class='ocrx_word' id='word_1_141' title='bbox 1209 2041 1295 2100; x_wconf 87' lang='lat' dir='ltr'><strong>incom·</strong></span> 
     </span>
     <span class='ocr_line' id='line_1_18' title="bbox 349 2128 1296 2209; baseline 0.002 -23"><span class='ocrx_word' id='word_1_142' title='bbox 349 2128 435 2196; x_wconf 92' lang='lat' dir='ltr'><strong>modi,</strong></span> <span class='ocrx_word' id='word_1_143' title='bbox 451 2128 658 2206; x_wconf 74' lang='lat' dir='ltr'><strong>propulsemus</strong></span> <span class='ocrx_word' id='word_1_144' title='bbox 673 2129 898 2208; x_wconf 86' lang='lat' dir='ltr'><strong>ulciscamurque</strong></span> <span class='ocrx_word' id='word_1_145' title='bbox 912 2150 969 2199; x_wconf 89' lang='lat' dir='ltr'><strong>eos,</strong></span> <span class='ocrx_word' id='word_1_146' title='bbox 984 2130 1033 2209; x_wconf 93' lang='lat' dir='ltr'><strong>qui</strong></span> <span class='ocrx_word' id='word_1_147' title='bbox 1052 2150 1155 2190; x_wconf 88' lang='lat' dir='ltr'><strong>nocere</strong></span> <span class='ocrx_word' id='word_1_148' title='bbox 1173 2131 1250 2190; x_wconf 90' lang='lat' dir='ltr'><strong>nobis</strong></span> <span class='ocrx_word' id='word_1_149' title='bbox 1261 2147 1296 2188; x_wconf 90' lang='lat' dir='ltr'><strong>oo-</strong></span> 
     </span>
    </p>
   </div>
   <div class='ocr_carea' id='block_1_3' title="bbox 349 2218 1296 2385">
    <p class='ocr_par' dir='ltr' id='par_1_3' title="bbox 349 2218 1296 2385">
     <span class='ocr_line' id='line_1_19' title="bbox 349 2218 1296 2301; baseline 0.003 -26"><span class='ocrx_word' id='word_1_150' title='bbox 349 2218 408 2275; x_wconf 89' lang='lat' dir='ltr'><strong>nati</strong></span> <span class='ocrx_word' id='word_1_151' title='bbox 428 2225 502 2286; x_wconf 90' lang='lat' dir='ltr'><strong>sunt,</strong></span> <span class='ocrx_word' id='word_1_152' title='bbox 524 2225 659 2296; x_wconf 87' lang='lat' dir='ltr'><strong>tantaque</strong></span> <span class='ocrx_word' id='word_1_153' title='bbox 680 2239 767 2296; x_wconf 89' lang='lat' dir='ltr'><strong>poena</strong></span> <span class='ocrx_word' id='word_1_154' title='bbox 786 2221 949 2289; x_wconf 89' lang='lat' dir='ltr'><strong>afficiamus,</strong></span> <span class='ocrx_word' id='word_1_155' title='bbox 964 2228 1101 2299; x_wconf 87' lang='lat' dir='ltr'><strong>quantam</strong></span> <span class='ocrx_word' id='word_1_156' title='bbox 1121 2223 1238 2301; x_wconf 77' lang='lat' dir='ltr'><strong>aequitas</strong></span> <span class='ocrx_word' id='word_1_157' title='bbox 1256 2221 1296 2279; x_wconf 90' lang='lat' dir='ltr'><strong>hu·</strong></span> 
     </span>
     <span class='ocr_line' id='line_1_20' title="bbox 349 2307 654 2385; baseline 0 -20"><span class='ocrx_word' id='word_1_158' title='bbox 349 2307 525 2385; x_wconf 75' lang='lat' dir='ltr'><strong>maritasque</strong></span> <span class='ocrx_word' id='word_1_159' title='bbox 540 2308 654 2385; x_wconf 88' lang='lat' dir='ltr'><strong>patitur.</strong></span> 
     </span>
    </p>
   </div>
   <div class='ocr_carea' id='block_1_4' title="bbox 315 2489 1328 3738">
    <p class='ocr_par' dir='ltr' id='par_1_4' title="bbox 349 2489 1305 2751">
     <span class='ocr_line' id='line_1_21' title="bbox 388 2489 1300 2573; baseline 0.009 -27"><span class='ocrx_word' id='word_1_160' title='bbox 388 2489 441 2548; x_wconf 91' lang='lat' dir='ltr'><strong>VI.</strong></span> <span class='ocrx_word' id='word_1_161' title='bbox 457 2489 566 2558; x_wconf 83' lang='lat' dir='ltr'><strong>Quibus</strong></span> <span class='ocrx_word' id='word_1_162' title='bbox 577 2498 672 2549; x_wconf 86' lang='lat' dir='ltr'><strong>autem</strong></span> <span class='ocrx_word' id='word_1_163' title='bbox 687 2492 842 2550; x_wconf 89' lang='lat' dir='ltr'><strong>rationibus</strong></span> <span class='ocrx_word' id='word_1_164' title='bbox 856 2493 929 2552; x_wconf 89' lang='lat' dir='ltr'><strong>banc</strong></span> <span class='ocrx_word' id='word_1_165' title='bbox 943 2493 1108 2552; x_wconf 84' lang='lat' dir='ltr'><strong>facultatem</strong></span> <span class='ocrx_word' id='word_1_166' title='bbox 1122 2495 1234 2573; x_wconf 86' lang='lat' dir='ltr'><strong>assequi</strong></span> <span class='ocrx_word' id='word_1_167' title='bbox 1246 2510 1300 2573; x_wconf 75' lang='lat' dir='ltr'><strong>pcc</strong></span> 
     </span>
     <span class='ocr_line' id='line_1_22' title="bbox 349 2579 1301 2661; baseline 0.008 -26"><span class='ocrx_word' id='word_1_168' title='bbox 349 2579 444 2646; x_wconf 78' lang='lat' dir='ltr'><strong>simne,</strong></span> <span class='ocrx_word' id='word_1_169' title='bbox 456 2586 488 2637; x_wconf 91' lang='lat' dir='ltr'><strong>ut</strong></span> <span class='ocrx_word' id='word_1_170' title='bbox 501 2579 648 2639; x_wconf 90' lang='lat' dir='ltr'><strong>hominum</strong></span> <span class='ocrx_word' id='word_1_171' title='bbox 662 2581 757 2640; x_wconf 91' lang='lat' dir='ltr'><strong>studia</strong></span> <span class='ocrx_word' id='word_1_172' title='bbox 767 2582 992 2659; x_wconf 87' lang='lat' dir='ltr'><strong>complectamur</strong></span> <span class='ocrx_word' id='word_1_173' title='bbox 1002 2603 1091 2661; x_wconf 90' lang='lat' dir='ltr'><strong>eaque</strong></span> <span class='ocrx_word' id='word_1_174' title='bbox 1106 2592 1259 2653; x_wconf 88' lang='lat' dir='ltr'><strong>teneamus,</strong></span> <span class='ocrx_word' id='word_1_175' title='bbox 1268 2580 1301 2642; x_wconf 88' lang='lat' dir='ltr'><strong>di·</strong></span> 
     </span>
     <span class='ocr_line' id='line_1_23' title="bbox 349 2670 1305 2751; baseline 0.002 -25"><span class='ocrx_word' id='word_1_176' title='bbox 349 2688 454 2737; x_wconf 88' lang='lat' dir='ltr'><strong>cemus,</strong></span> <span class='ocrx_word' id='word_1_177' title='bbox 469 2688 560 2747; x_wconf 91' lang='lat' dir='ltr'><strong>neque</strong></span> <span class='ocrx_word' id='word_1_178' title='bbox 574 2670 613 2728; x_wconf 83' lang='lat' dir='ltr'><strong>ita</strong></span> <span class='ocrx_word' id='word_1_179' title='bbox 627 2672 717 2730; x_wconf 90' lang='lat' dir='ltr'><strong>multo</strong></span> <span class='ocrx_word' id='word_1_180' title='bbox 731 2679 812 2749; x_wconf 90' lang='lat' dir='ltr'><strong>post:</strong></span> <span class='ocrx_word' id='word_1_181' title='bbox 835 2673 886 2730; x_wconf 90' lang='lat' dir='ltr'><strong>sed</strong></span> <span class='ocrx_word' id='word_1_182' title='bbox 907 2692 999 2751; x_wconf 86' lang='lat' dir='ltr'><strong>pauca</strong></span> <span class='ocrx_word' id='word_1_183' title='bbox 1019 2681 1084 2731; x_wconf 90' lang='lat' dir='ltr'><strong>ante</strong></span> <span class='ocrx_word' id='word_1_184' title='bbox 1103 2674 1223 2733; x_wconf 88' lang='lat' dir='ltr'><strong>dicenda</strong></span> <span class='ocrx_word' id='word_1_185' title='bbox 1236 2677 1305 2733; x_wconf 87' lang='lat' dir='ltr'><strong>sunt.</strong></span> 
     </span>
    </p>

    <p class='ocr_par' dir='ltr' id='par_1_5' title="bbox 315 2759 1328 3738">
     <span class='ocr_line' id='line_1_24' title="bbox 317 2759 1307 2841; baseline 0.007 -25"><span class='ocrx_word' id='word_1_186' title='bbox 317 2766 333 2817; x_wconf 81' lang='lat'><strong>¹2</strong></span> <span class='ocrx_word' id='word_1_187' title='bbox 349 2759 483 2838; x_wconf 88' lang='lat' dir='ltr'><strong>Magnam</strong></span> <span class='ocrx_word' id='word_1_188' title='bbox 495 2760 553 2818; x_wconf 84' lang='lat' dir='ltr'><strong>vim</strong></span> <span class='ocrx_word' id='word_1_189' title='bbox 566 2779 628 2818; x_wconf 88' lang='lat' dir='ltr'><strong>esse</strong></span> <span class='ocrx_word' id='word_1_190' title='bbox 642 2762 670 2819; x_wconf 90' lang='lat' dir='ltr'><strong>in</strong></span> <span class='ocrx_word' id='word_1_191' title='bbox 690 2762 853 2820; x_wconf 81' lang='lat' dir='ltr'><strong>fortuna</strong></span> <span class='ocrx_word' id='word_1_192' title='bbox 870 2763 898 2819; x_wconf 92' lang='lat' dir='ltr'><strong>in</strong></span> <span class='ocrx_word' id='word_1_193' title='bbox 911 2770 1062 2841; x_wconf 90' lang='lat' dir='ltr'><strong>utramque</strong></span> <span class='ocrx_word' id='word_1_194' title='bbox 1075 2771 1195 2840; x_wconf 90' lang='lat' dir='ltr'><strong>partem,</strong></span> <span class='ocrx_word' id='word_1_195' title='bbox 1209 2765 1254 2823; x_wconf 89' lang='lat' dir='ltr'><strong>vel</strong></span> <span class='ocrx_word' id='word_1_196' title='bbox 1266 2781 1307 2822; x_wconf 85' lang='lat' dir='ltr'><strong>se·</strong></span> 
     </span>
     <span class='ocr_line' id='line_1_25' title="bbox 315 2850 1312 2933; baseline 0.006 -26"><span class='ocrx_word' id='word_1_197' title='bbox 315 2855 332 2907; x_wconf 79' lang='grc'><strong>3</strong></span> <span class='ocrx_word' id='word_1_198' title='bbox 349 2851 455 2909; x_wconf 89' lang='lat' dir='ltr'><strong>eundas</strong></span> <span class='ocrx_word' id='word_1_199' title='bbox 466 2850 503 2909; x_wconf 88' lang='lat' dir='ltr'><strong>ad</strong></span> <span class='ocrx_word' id='word_1_200' title='bbox 517 2870 570 2918; x_wconf 91' lang='lat' dir='ltr'><strong>res,</strong></span> <span class='ocrx_word' id='word_1_201' title='bbox 582 2851 627 2909; x_wconf 88' lang='lat' dir='ltr'><strong>vel</strong></span> <span class='ocrx_word' id='word_1_202' title='bbox 641 2853 783 2918; x_wconf 89' lang='lat' dir='ltr'><strong>adversas,</strong></span> <span class='ocrx_word' id='word_1_203' title='bbox 795 2851 858 2929; x_wconf 92' lang='lat' dir='ltr'><strong>quis</strong></span> <span class='ocrx_word' id='word_1_204' title='bbox 872 2851 1006 2931; x_wconf 79' lang='lat' dir='ltr'><strong>ignorat?</strong></span> <span class='ocrx_word' id='word_1_205' title='bbox 1034 2854 1110 2910; x_wconf 89' lang='lat' dir='ltr'><strong>Nam</strong></span> <span class='ocrx_word' id='word_1_206' title='bbox 1124 2861 1154 2912; x_wconf 89' lang='lat' dir='ltr'><strong>et</strong></span> <span class='ocrx_word' id='word_1_207' title='bbox 1168 2875 1233 2912; x_wconf 94' lang='lat' dir='ltr'><strong>cum</strong></span> <span class='ocrx_word' id='word_1_208' title='bbox 1246 2872 1312 2933; x_wconf 69' lang='lat' dir='ltr'><strong>pro*</strong></span> 
     </span>
     <span class='ocr_line' id='line_1_26' title="bbox 348 2942 1313 3022; baseline 0.006 -25"><span class='ocrx_word' id='word_1_209' title='bbox 348 2961 431 3018; x_wconf 89' lang='lat' dir='ltr'><strong>spero</strong></span> <span class='ocrx_word' id='word_1_210' title='bbox 453 2943 523 3000; x_wconf 89' lang='lat' dir='ltr'><strong>flatu</strong></span> <span class='ocrx_word' id='word_1_211' title='bbox 544 2942 606 3020; x_wconf 90' lang='lat' dir='ltr'><strong>ejus</strong></span> <span class='ocrx_word' id='word_1_212' title='bbox 627 2943 740 3010; x_wconf 90' lang='lat' dir='ltr'><strong>utimur,</strong></span> <span class='ocrx_word' id='word_1_213' title='bbox 756 2942 793 2999; x_wconf 87' lang='lat' dir='ltr'><strong>ad</strong></span> <span class='ocrx_word' id='word_1_214' title='bbox 815 2942 907 3000; x_wconf 83' lang='lat' dir='ltr'><strong>exitus</strong></span> <span class='ocrx_word' id='word_1_215' title='bbox 929 2943 1109 3019; x_wconf 84' lang='lat' dir='ltr'><strong>pervehimur</strong></span> <span class='ocrx_word' id='word_1_216' title='bbox 1129 2951 1261 3022; x_wconf 88' lang='lat' dir='ltr'><strong>optatos;</strong></span> <span class='ocrx_word' id='word_1_217' title='bbox 1280 2943 1313 3002; x_wconf 78' lang='lat' dir='ltr'><strong>et</strong></span> 
     </span>
     <span class='ocr_line' id='line_1_27' title="bbox 315 3032 1320 3112; baseline 0.008 -26"><span class='ocrx_word' id='word_1_218' title='bbox 315 3035 333 3086; x_wconf 83' lang='lat'>4</span> <span class='ocrx_word' id='word_1_219' title='bbox 349 3050 413 3088; x_wconf 91' lang='lat' dir='ltr'><strong>cum</strong></span> <span class='ocrx_word' id='word_1_220' title='bbox 427 3033 546 3100; x_wconf 87' lang='lat' dir='ltr'><strong>reflavit,</strong></span> <span class='ocrx_word' id='word_1_221' title='bbox 558 3033 716 3112; x_wconf 82' lang='lat' dir='ltr'><strong>affligimur.</strong></span> <span class='ocrx_word' id='word_1_222' title='bbox 752 3032 824 3090; x_wconf 86' lang='lat' dir='ltr'><strong>Haee</strong></span> <span class='ocrx_word' id='word_1_223' title='bbox 837 3032 926 3110; x_wconf 87' lang='lat' dir='ltr'><strong>igitur</strong></span> <span class='ocrx_word' id='word_1_224' title='bbox 939 3033 1001 3109; x_wconf 89' lang='lat' dir='ltr'><strong>ipsa</strong></span> <span class='ocrx_word' id='word_1_225' title='bbox 1014 3033 1129 3090; x_wconf 85' lang='lat' dir='ltr'><strong>fortuna</strong></span> <span class='ocrx_word' id='word_1_226' title='bbox 1142 3043 1252 3093; x_wconf 89' lang='lat' dir='ltr'><strong>ceteros</strong></span> <span class='ocrx_word' id='word_1_227' title='bbox 1265 3053 1320 3093; x_wconf 81' lang='lat' dir='ltr'><strong>oa·</strong></span> 
     </span>
     <span class='ocr_line' id='line_1_28' title="bbox 348 3123 1320 3203; baseline 0.009 -28"><span class='ocrx_word' id='word_1_228' title='bbox 348 3139 396 3177; x_wconf 86' lang='lat' dir='ltr'><strong>sus</strong></span> <span class='ocrx_word' id='word_1_229' title='bbox 414 3123 532 3180; x_wconf 86' lang='lat' dir='ltr'><strong>rariores</strong></span> <span class='ocrx_word' id='word_1_230' title='bbox 553 3123 649 3189; x_wconf 90' lang='lat' dir='ltr'><strong>habet,</strong></span> <span class='ocrx_word' id='word_1_231' title='bbox 664 3123 787 3200; x_wconf 89' lang='lat' dir='ltr'><strong>primum</strong></span> <span class='ocrx_word' id='word_1_232' title='bbox 802 3123 839 3181; x_wconf 90' lang='lat' dir='ltr'><strong>ab</strong></span> <span class='ocrx_word' id='word_1_233' title='bbox 851 3123 979 3180; x_wconf 89' lang='lat' dir='ltr'><strong>inanimis</strong></span> <span class='ocrx_word' id='word_1_234' title='bbox 993 3124 1141 3199; x_wconf 89' lang='lat' dir='ltr'><strong>procellas,</strong></span> <span class='ocrx_word' id='word_1_235' title='bbox 1156 3131 1320 3203; x_wconf 64' lang='lat' dir='ltr'><strong>tempesta‘</strong></span> 
     </span>
     <span class='ocr_line' id='line_1_29' title="bbox 348 3209 1324 3288; baseline 0.007 -22"><span class='ocrx_word' id='word_1_236' title='bbox 348 3214 399 3275; x_wconf 88' lang='lat' dir='ltr'><strong>tes,</strong></span> <span class='ocrx_word' id='word_1_237' title='bbox 414 3209 569 3288; x_wconf 84' lang='lat' dir='ltr'><strong>naufragia,</strong></span> <span class='ocrx_word' id='word_1_238' title='bbox 584 3210 686 3276; x_wconf 90' lang='lat' dir='ltr'><strong>ruinas,</strong></span> <span class='ocrx_word' id='word_1_239' title='bbox 702 3210 849 3269; x_wconf 88' lang='lat' dir='ltr'><strong>incendia:</strong></span> <span class='ocrx_word' id='word_1_240' title='bbox 872 3211 974 3270; x_wconf 88' lang='lat' dir='ltr'><strong>deindo</strong></span> <span class='ocrx_word' id='word_1_241' title='bbox 994 3231 1012 3268; x_wconf 91' lang='lat' dir='ltr'><strong>a</strong></span> <span class='ocrx_word' id='word_1_242' title='bbox 1030 3213 1126 3272; x_wconf 89' lang='lat' dir='ltr'><strong>bestiis</strong></span> <span class='ocrx_word' id='word_1_243' title='bbox 1139 3213 1221 3283; x_wconf 87' lang='lat' dir='ltr'><strong>ictus,</strong></span> <span class='ocrx_word' id='word_1_244' title='bbox 1236 3232 1324 3273; x_wconf 72' lang='lat' dir='ltr'><strong>mor‘</strong></span> 
     </span>
     <span class='ocr_line' id='line_1_30' title="bbox 316 3297 1325 3375; baseline 0.01 -22"><span class='ocrx_word' id='word_1_245' title='bbox 316 3305 332 3357; x_wconf 84' lang='grc'><strong><em>5</em></strong></span> <span class='ocrx_word' id='word_1_246' title='bbox 348 3316 404 3364; x_wconf 90' lang='lat' dir='ltr'><strong>sus,</strong></span> <span class='ocrx_word' id='word_1_247' title='bbox 419 3297 551 3375; x_wconf 85' lang='lat' dir='ltr'><strong>impetus.</strong></span> <span class='ocrx_word' id='word_1_248' title='bbox 594 3297 667 3354; x_wconf 87' lang='lat' dir='ltr'><strong>Haec</strong></span> <span class='ocrx_word' id='word_1_249' title='bbox 682 3316 760 3374; x_wconf 86' lang='lat' dir='ltr'><strong>ergo,</strong></span> <span class='ocrx_word' id='word_1_250' title='bbox 772 3306 805 3357; x_wconf 89' lang='lat' dir='ltr'><strong>ut</strong></span> <span class='ocrx_word' id='word_1_251' title='bbox 819 3301 884 3368; x_wconf 82' lang='lat' dir='ltr'><strong>dixi,</strong></span> <span class='ocrx_word' id='word_1_252' title='bbox 898 3302 1010 3360; x_wconf 89' lang='lat' dir='ltr'><strong>rariora.</strong></span> <span class='ocrx_word' id='word_1_253' title='bbox 1046 3303 1089 3360; x_wconf 86' lang='lat' dir='ltr'><strong>At</strong></span> <span class='ocrx_word' id='word_1_254' title='bbox 1101 3322 1168 3361; x_wconf 88' lang='lat' dir='ltr'><strong>vero</strong></span> <span class='ocrx_word' id='word_1_255' title='bbox 1182 3304 1325 3363; x_wconf 68' lang='lat' dir='ltr'><strong>interitnfl</strong></span> 
     </span>
     <span class='ocr_line' id='line_1_31' title="bbox 347 3386 1327 3474; baseline 0.01 -31"><span class='ocrx_word' id='word_1_256' title='bbox 347 3386 530 3453; x_wconf 84' lang='lat' dir='ltr'><strong>exercituum,</strong></span> <span class='ocrx_word' id='word_1_257' title='bbox 541 3392 575 3443; x_wconf 86' lang='lat' dir='ltr'><strong>ut</strong></span> <span class='ocrx_word' id='word_1_258' title='bbox 588 3386 714 3462; x_wconf 85' lang='lat' dir='ltr'><strong>proxime</strong></span> <span class='ocrx_word' id='word_1_259' title='bbox 728 3388 823 3455; x_wconf 87' lang='lat' dir='ltr'><strong>trium,</strong></span> <span class='ocrx_word' id='word_1_260' title='bbox 840 3411 919 3470; x_wconf 86' lang='lat' dir='ltr'><strong>saepe</strong></span> <span class='ocrx_word' id='word_1_261' title='bbox 932 3393 1096 3462; x_wconf 88' lang='lat' dir='ltr'><strong>multorum,</strong></span> <span class='ocrx_word' id='word_1_262' title='bbox 1111 3393 1208 3452; x_wconf 86' lang='lat' dir='ltr'><strong>clades</strong></span> <span class='ocrx_word' id='word_1_263' title='bbox 1220 3394 1327 3474; x_wconf 74' lang='lat' dir='ltr'><strong>impe‘</strong></span> 
     </span>
     <span class='ocr_line' id='line_1_32' title="bbox 346 3478 1327 3563; baseline 0.011 -31"><span class='ocrx_word' id='word_1_264' title='bbox 346 3482 481 3541; x_wconf 81' lang='lat' dir='ltr'><strong>natorum,</strong></span> <span class='ocrx_word' id='word_1_265' title='bbox 503 3482 537 3532; x_wconf 91' lang='lat' dir='ltr'><strong>ut</strong></span> <span class='ocrx_word' id='word_1_266' title='bbox 558 3494 649 3552; x_wconf 89' lang='lat' dir='ltr'><strong>nuper</strong></span> <span class='ocrx_word' id='word_1_267' title='bbox 672 3478 774 3536; x_wconf 91' lang='lat' dir='ltr'><strong>summi</strong></span> <span class='ocrx_word' id='word_1_268' title='bbox 796 3487 826 3538; x_wconf 89' lang='lat' dir='ltr'><strong>et</strong></span> <span class='ocrx_word' id='word_1_269' title='bbox 847 3481 995 3560; x_wconf 88' lang='lat' dir='ltr'><strong>singularis</strong></span> <span class='ocrx_word' id='word_1_270' title='bbox 1017 3483 1076 3552; x_wconf 86' lang='lat' dir='ltr'><strong>viri,</strong></span> <span class='ocrx_word' id='word_1_271' title='bbox 1100 3484 1212 3541; x_wconf 80' lang='lat' dir='ltr'><strong>invidia</strong></span> <span class='ocrx_word' id='word_1_272' title='bbox 1236 3505 1327 3563; x_wconf 67' lang='lat' dir='ltr'><strong>prae‘</strong></span> 
     </span>
     <span class='ocr_line' id='line_1_33' title="bbox 345 3564 1328 3652; baseline 0.011 -30"><span class='ocrx_word' id='word_1_273' title='bbox 345 3572 424 3622; x_wconf 89' lang='lat' dir='ltr'><strong>terea</strong></span> <span class='ocrx_word' id='word_1_274' title='bbox 434 3564 628 3632; x_wconf 71' lang='lat' dir='ltr'><strong>multitudinis</strong></span> <span class='ocrx_word' id='word_1_275' title='bbox 639 3572 725 3644; x_wconf 90' lang='lat' dir='ltr'><strong>atque</strong></span> <span class='ocrx_word' id='word_1_276' title='bbox 736 3570 773 3626; x_wconf 93' lang='lat' dir='ltr'><strong>ob</strong></span> <span class='ocrx_word' id='word_1_277' title='bbox 787 3588 835 3627; x_wconf 88' lang='lat' dir='ltr'><strong>eas</strong></span> <span class='ocrx_word' id='word_1_278' title='bbox 849 3571 921 3629; x_wconf 89' lang='lat' dir='ltr'><strong>bene</strong></span> <span class='ocrx_word' id='word_1_279' title='bbox 935 3573 1100 3630; x_wconf 89' lang='lat' dir='ltr'><strong>meritorum</strong></span> <span class='ocrx_word' id='word_1_280' title='bbox 1114 3592 1193 3652; x_wconf 87' lang='lat' dir='ltr'><strong>saepe</strong></span> <span class='ocrx_word' id='word_1_281' title='bbox 1208 3574 1328 3633; x_wconf 69' lang='lat' dir='ltr'><strong>civium</strong></span> 
     </span>
     <span class='ocr_line' id='line_1_34' title="bbox 346 3648 1322 3738; baseline 0.011 -26"><span class='ocrx_word' id='word_1_282' title='bbox 346 3653 532 3732; x_wconf 88' lang='lat' dir='ltr'><strong>expulsiones,</strong></span> <span class='ocrx_word' id='word_1_283' title='bbox 547 3648 728 3724; x_wconf 81' lang='lat' dir='ltr'><strong>calamitates,</strong></span> <span class='ocrx_word' id='word_1_284' title='bbox 743 3658 841 3738; x_wconf 81' lang='lat' dir='ltr'><strong>fugae3</strong></span> <span class='ocrx_word' id='word_1_285' title='bbox 862 3680 1016 3738; x_wconf 89' lang='lat' dir='ltr'><strong>rursusque</strong></span> <span class='ocrx_word' id='word_1_286' title='bbox 1038 3662 1172 3721; x_wconf 87' lang='lat' dir='ltr'><strong>secundae</strong></span> <span class='ocrx_word' id='word_1_287' title='bbox 1189 3683 1244 3732; x_wconf 89' lang='lat' dir='ltr'><strong>res,</strong></span> <span class='ocrx_word' id='word_1_288' title='bbox 1258 3665 1322 3723; x_wconf 56' lang='lat' dir='ltr'><strong>hor</strong></span> 
     </span>
    </p>
   </div>
   <div class='ocr_carea' id='block_1_5' title="bbox 344 3741 1320 3982">
    <p class='ocr_par' dir='ltr' id='par_1_6' title="bbox 344 3741 1320 3982">
     <span class='ocr_line' id='line_1_35' title="bbox 346 3741 1320 3826; baseline 0.011 -25"><span class='ocrx_word' id='word_1_289' title='bbox 346 3762 436 3811; x_wconf 75' lang='lat' dir='ltr'><strong>norea,</strong></span> <span class='ocrx_word' id='word_1_290' title='bbox 451 3741 576 3820; x_wconf 92' lang='lat' dir='ltr'><strong>imperia,</strong></span> <span class='ocrx_word' id='word_1_291' title='bbox 589 3744 721 3814; x_wconf 89' lang='lat' dir='ltr'><strong>victoriae,</strong></span> <span class='ocrx_word' id='word_1_292' title='bbox 734 3767 907 3826; x_wconf 89' lang='lat' dir='ltr'><strong>quamquam</strong></span> <span class='ocrx_word' id='word_1_293' title='bbox 920 3750 1038 3808; x_wconf 88' lang='lat' dir='ltr'><strong>fortuita</strong></span> <span class='ocrx_word' id='word_1_294' title='bbox 1051 3759 1126 3820; x_wconf 89' lang='lat' dir='ltr'><strong>sunt,</strong></span> <span class='ocrx_word' id='word_1_295' title='bbox 1141 3759 1238 3811; x_wconf 88' lang='lat' dir='ltr'><strong>tamen</strong></span> <span class='ocrx_word' id='word_1_296' title='bbox 1251 3755 1320 3812; x_wconf 77' lang='lat' dir='ltr'><strong>sine</strong></span> 
     </span>
     <span class='ocr_line' id='line_1_36' title="bbox 345 3834 1312 3922; baseline 0.011 -30"><span class='ocrx_word' id='word_1_297' title='bbox 345 3834 491 3893; x_wconf 90' lang='lat' dir='ltr'><strong>hominum</strong></span> <span class='ocrx_word' id='word_1_298' title='bbox 513 3834 615 3911; x_wconf 93' lang='lat' dir='ltr'><strong>opibus</strong></span> <span class='ocrx_word' id='word_1_299' title='bbox 639 3844 668 3896; x_wconf 83' lang='lat' dir='ltr'><strong>et</strong></span> <span class='ocrx_word' id='word_1_300' title='bbox 689 3838 789 3896; x_wconf 90' lang='lat' dir='ltr'><strong>studiis</strong></span> <span class='ocrx_word' id='word_1_301' title='bbox 814 3846 944 3898; x_wconf 89' lang='lat' dir='ltr'><strong>neutram</strong></span> <span class='ocrx_word' id='word_1_302' title='bbox 965 3841 994 3898; x_wconf 91' lang='lat' dir='ltr'><strong>in</strong></span> <span class='ocrx_word' id='word_1_303' title='bbox 1018 3849 1130 3919; x_wconf 87' lang='lat' dir='ltr'><strong>partem</strong></span> <span class='ocrx_word' id='word_1_304' title='bbox 1151 3841 1224 3904; x_wconf 89' lang='lat' dir='ltr'><strong>effici</strong></span> <span class='ocrx_word' id='word_1_305' title='bbox 1245 3863 1312 3922; x_wconf 54' lang='lat' dir='ltr'><strong>pos*</strong></span> 
     </span>
     <span class='ocr_line' id='line_1_37' title="bbox 344 3931 419 3982; baseline 0.013 -1"><span class='ocrx_word' id='word_1_306' title='bbox 344 3931 419 3982; x_wconf 87' lang='lat' dir='ltr'><strong>sunt.</strong></span> 
     </span>
    </p>
   </div>
   <div class='ocr_carea' id='block_1_6' title="bbox 0 0 1634 4775">
    <p class='ocr_par' dir='ltr' id='par_1_7' title="bbox 0 0 1634 4775">
     <span class='ocr_line' id='line_1_38' title="bbox 0 0 1634 4775; baseline 0 1"><span class='ocrx_word' id='word_1_307' title='bbox 0 0 1634 4775; x_wconf 95' lang='lat' dir='ltr'><strong> </strong></span> 
     </span>
    </p>
   </div>
  </div>
 </body>
</html>
