3259 4775
714 591 753 629 DE
773 589 902 629 offlcne

349 739 421 782 inest
436 733 525 800 parte,
538 722 575 779 de
585 739 642 799 qua
652 720 840 799 disputamus.
873 718 975 797 Neque
988 717 1064 808 enim
1078 718 1172 778 solum
1184 716 1290 797 corpciq

348 812 397 891 qui
409 813 446 870 ad
460 819 590 869 naturam
604 811 665 888 apti
678 819 754 877 sunt,
770 810 821 868 sed
843 809 934 867 multo
954 809 1042 868 etiam
1055 809 1148 889 magis
1162 809 1241 868 animi
1250 827 1292 866 no·

297 909 331 962 11
347 911 394 961 tus
408 901 556 982 probandi,
572 902 622 978 qui
634 902 703 959 item
718 901 755 958 ad
768 907 901 957 naturam
920 898 1132 958 accommodati
1145 906 1217 958 suut
1249 898 1293 958 Du·

348 1012 415 1071 pex
429 1000 473 1050 est
486 992 560 1049 enim
574 992 616 1049 vis
637 991 795 1048 animorum
816 996 903 1067 atque
922 996 1042 1047 natura:
1064 1008 1124 1048 una
1143 1009 1208 1068 pars
1226 989 1319 1066 inap.

347 1084 439 1162 petitu
459 1084 551 1160 posita
572 1090 624 1150 est,
641 1101 706 1158 quae
728 1088 773 1139 est
793 1077 860 1166 ὁρμῇ
878 1080 996 1148 Graece,
1011 1099 1077 1157 quoe
1099 1079 1295 1140 homiuembua
1322 1131 1324 1138 .

347 1180 376 1256 et
389 1174 456 1232 illuc
476 1173 565 1250 rapit:
587 1173 677 1230 altera
690 1172 718 1228 in
731 1169 822 1228 ration
863 1188 929 1247 quae
949 1169 1034 1228 docet
1048 1178 1078 1228 et
1092 1170 1232 1248 explanat,
1244 1165 1315 1247 quill

359 1264 507 1322 aciendum
528 1263 729 1341 fugiendumve
750 1261 793 1319 sit.
836 1261 883 1318 Ita
902 1260 942 1327 fit,
956 1267 990 1317 ut
1003 1260 1075 1318 ratio
1088 1261 1195 1338 praesit,
1209 1257 1294 1337 appell·

242 1417 249 1428 ,
360 1374 407 1434 us·
409 1355 603 1432 obtemperet.
645 1351 751 1408 XXIX.
775 1350 875 1408 Omnis
899 1358 996 1408 autem
1016 1350 1091 1410 actio
1111 1369 1211 1409 vacare
1230 1349 1294 1408 debel
1321 1405 1325 1412 .

249 1431 263 1470 ¹·
347 1429 504 1501 temeritate
525 1449 554 1499 et
574 1442 767 1519 negligentia:
790 1460 843 1499 uec
863 1460 931 1499 vero
951 1459 1036 1519 agere
1057 1440 1221 1518 quidquam,
1233 1439 1295 1517 cuju

347 1552 403 1590 uon
417 1532 508 1609 possis
523 1550 639 1589 causam
660 1531 836 1608 probabilem
856 1530 983 1588 reddere.
1025 1531 1099 1589 Haec
1114 1538 1159 1589 est
1172 1532 1242 1589 euim
1251 1530 1295 1588 tere

347 1622 497 1700 descriptio
511 1607 631 1703 officiss
636 1621 823 1679 Efficiendum
836 1628 933 1678 autem
947 1628 1000 1688 est,
1011 1628 1044 1679 ut
1058 1621 1204 1699 appetitus
1217 1615 1299 1679 rationi
1322 1639 1335 1692 ψ

347 1713 488 1781 obediant,
503 1731 622 1788 eamque
642 1730 734 1788 neque
754 1718 940 1788 prracurrant,
960 1730 1011 1769 nec
1033 1718 1153 1788 propter
1175 1705 1329 1790 pigritans
1334 1755 1335 1774 2

346 1811 397 1861 aut
409 1803 550 1882 ignaviam
570 1802 720 1861 deserant:
742 1802 854 1879 sintque
875 1801 1026 1879 tranquilli,
1041 1807 1128 1878 atque
1141 1802 1214 1859 omni
1230 1793 1307 1858 aulul

314 1894 557 1972 aperturbatioue
582 1899 704 1951 careant.
745 1892 790 1948 Ex
813 1911 871 1969 quo
894 1891 1018 1950 elucebit
1041 1891 1133 1949 omnis
1159 1886 1296 1950 constante

347 1986 492 2061 omnisque
505 1983 670 2042 moderatio,
711 1982 787 2039 Nam
800 1981 849 2058 qui
863 1981 1008 2059 appetitus
1021 1982 1135 2060 longius
1148 1986 1262 2059 evagaut
1288 2017 1295 2042 2

346 2083 376 2132 et
389 2082 534 2149 tamquam
548 2072 706 2129 exultantes
720 2072 779 2129 siue
793 2071 943 2149 cupiendo,
955 2072 1014 2129 sive
1024 2071 1170 2149 fugiendo,
1181 2090 1234 2129 nou
1243 2066 1295 2127 sabla

346 2183 363 2219 a
376 2163 483 2219 ratione
497 2162 660 2229 retinentur,
675 2161 694 2219 ii
707 2162 766 2219 siue
780 2161 868 2221 dubio
888 2162 973 2220 finem
986 2168 1015 2219 et
1028 2161 1147 2220 modum
1161 2161 1294 2220 transeunt

345 2253 518 2328 Relinquunt
533 2251 606 2309 enirn
621 2259 650 2309 et
664 2251 801 2329 abjiciunt
814 2251 1012 2320 obedientiam,
1026 2271 1078 2310 nec
1091 2251 1192 2310 rationi
1204 2250 1322 2330 parulis

346 2342 391 2402 cui
404 2349 470 2400 sunt
484 2341 605 2420 subjecti
618 2342 682 2420 lege
693 2349 802 2401 naturae
815 2361 821 2400 :
836 2361 854 2399 a
867 2342 969 2419 quibus
984 2361 1041 2400 non
1053 2342 1140 2401 modo
1154 2341 1234 2401 animi
1245 2353 1296 2418 ptr·
1334 2402 1335 2409 χ

313 2440 331 2490 4
346 2434 503 2500 turbantur,
518 2432 569 2491 sed
584 2432 669 2490 etiarn
689 2452 817 2510 corpora.
858 2433 939 2491 Licet
953 2452 1003 2491 ora
1017 2433 1079 2510 ipsa
1099 2426 1212 2491 cernere
1228 2432 1295 2490 irat&

345 2543 417 2591 rum,
432 2530 483 2580 aut
497 2542 603 2590 eorum,
619 2523 668 2599 qui
688 2530 739 2580 aut
759 2523 874 2581 libidine
894 2524 989 2601 aliqua
1008 2529 1059 2580 aut
1081 2530 1162 2580 metu
1181 2510 1318 2581 commotis

345 2621 419 2681 sunt,
434 2620 484 2670 aut
497 2613 644 2690 voluptate
658 2613 743 2670 nimia
763 2614 907 2691 gestiunt:
929 2633 1050 2690 quorum
1070 2613 1195 2671 omnium
1207 2610 1305 2671 vullffir.

255 2716 260 2729 “
313 2713 330 2764 5
346 2723 437 2772 voccS‚
452 2711 546 2760 motus
561 2698 709 2779 statusque
724 2696 893 2781 mutantur]
920 2704 964 2761 Ex
977 2703 1081 2780 quibus
1094 2703 1165 2761 illud
1183 2691 1297 2773 intelligi·

333 2804 379 2853 tur
394 2792 437 2874 (ut
451 2794 488 2853 ad
503 2794 585 2852 officii
598 2795 719 2851 formam
732 2782 920 2872 revertamur)
932 2794 1077 2871 appetitus
1091 2813 1189 2851 omnes
1202 2795 1299 2850 corne

345 2886 452 2944 hundos
477 2883 674 2962 sedandosque
695 2903 766 2952 esse,
788 2884 1023 2961 excitandamque
1043 2883 1302 2942 animadversionem

345 2985 374 3034 et
388 2977 569 3057 diligentiam,
583 2982 617 3033 ut
638 2995 673 3033 ne
694 2975 763 3052 quid
784 2982 890 3032 temere
914 2993 947 3031 ac
969 2973 1093 3042 fortuito,
1108 2965 1306 3032 inconsiderate

345 3069 577 3147 negligenterque
590 3086 718 3146 agamus,

313 3253 329 3304 6
385 3247 485 3324 Neque
510 3247 584 3303 enirn
606 3245 646 3302 ita
666 3246 791 3322 generati
812 3265 830 3302 a
849 3251 951 3302 natura
973 3263 1080 3310 eumue,
1101 3252 1135 3302 ut
1154 3244 1192 3302 ad
1212 3237 1325 3303 lud¹lm

345 3344 374 3392 et
385 3336 482 3412 jocum
502 3335 571 3390 facti
590 3352 652 3390 esse
666 3332 830 3393 videamur:
853 3334 890 3392 ad
910 3335 1089 3393 severitatem
1109 3335 1213 3412 potiuS,
1229 3341 1258 3392 et

313 3426 329 3483 t
345 3424 478 3501 quiedam
492 3423 585 3480 studia
598 3422 727 3499 graviora
741 3431 827 3501 atque
840 3425 956 3503 majora.
998 3423 1081 3481 Ludo
1095 3430 1191 3482 autem
1205 3432 1235 3482 et
1245 3407 1336 3503 1¹00<

344 3513 387 3571 uti
409 3513 457 3570 illo
477 3513 591 3589 quidem
610 3512 694 3570 licet:
717 3513 769 3571 sed
790 3514 863 3572 sicut
883 3535 982 3572 somno
997 3521 1026 3571 et
1040 3514 1181 3590 quietibus
1201 3497 1335 3574 ceteris

313 3612 330 3660 8
345 3613 415 3670 tum,
428 3623 493 3676 cum
507 3602 640 3681 gravibus
654 3604 787 3681 seriisque
797 3606 882 3663 rebus
894 3604 1120 3663 satisfecerimus.
1155 3599 1334 3683 Ipsumqst

344 3713 435 3773 genus
447 3693 561 3770 jocandi
574 3712 630 3750 non
644 3694 792 3770 profusum
806 3715 857 3752 uec
871 3695 1080 3762 immodestum,
1093 3694 1144 3752 sed
1158 3680 1336 3772 ingenuus‘

312 3790 329 3843 9
344 3791 373 3842 et
386 3783 510 3841 facetum
524 3803 585 3841 csse
600 3783 694 3844 debet.
735 3784 777 3841 Ut
790 3785 864 3843 enim
878 3786 973 3863 pueris
986 3805 1042 3843 non
1063 3803 1175 3842 omnem
1195 3751 1336 3845 ludens³

344 3874 484 3933 licentiam
498 3873 608 3942 damna,
624 3874 759 3942 sedeam,
775 3894 839 3951 quae
853 3876 889 3933 ab
904 3875 1059 3934 honestatis
1080 3874 1238 3933 actionibus
1260 3863 1336 3934 n05

344 3967 381 4022 sit
394 3964 501 4023 aliena:
524 3964 562 4022 sic
577 3964 680 4042 inipso
698 3965 764 4041 joco
784 3965 900 4042 aliquod
921 3966 1002 4042 probi
1022 3965 1126 4042 ingenii
1143 3965 1241 4023 lumen
1255 3965 1329 4026 elo
