3259 4775
304 559 359 612 104
728 572 767 612 ou
781 571 910 612 ornans

352 701 445 768 uicies,
460 702 537 779 quod
552 702 621 760 alios
636 702 735 769 bonos,
748 701 819 760 alios
832 702 975 780 sapientes
991 700 1161 760 existimant
1200 700 1238 760 llx
1248 714 1290 777 quo

352 792 468 859 Ennius,
483 794 666 868 nequicquam
685 812 777 868 capere
795 794 954 867 sapientem,
969 794 1021 869 qm'
1044 794 1102 867 ipse
1121 793 1175 850 ribi
1190 791 1293 867 produnt

351 903 407 940 non
429 885 526 958 quiret.
569 883 645 941 Vere
667 883 697 942 id
718 883 842 961 quidem,
864 883 896 950 si,
917 883 987 960 quid
1009 890 1086 941 esset
1102 878 1295 957 mausculi

302 979 338 1032 10
352 993 419 1031 cum
431 973 522 1032 Ennio
537 974 705 1031 conveniret.
747 972 923 1031 Hecatonem
937 973 1052 1051 quidem
1067 973 1222 1041 Rhodium,
1234 971 1297 1032 disci

354 1063 453 1141 pulum
475 1064 601 1131 Panaetii,
617 1063 699 1121 video
722 1063 750 1120 in
771 1063 805 1120 iis
825 1063 911 1131 libris,
933 1082 1005 1140 quos
1027 1062 1065 1121 do
1087 1063 1185 1121 officiis
1208 1060 1300 1138 scripsit

352 1156 387 1224 Q
408 1154 556 1221 Tuberoni,
580 1154 682 1221 dicere,
710 1153 852 1227 Sopicutre
872 1172 934 1220 ecce,
955 1154 1029 1211 uitii
1050 1161 1148 1211 contra
1168 1171 1257 1220 morea,
1273 1151 1301 1209 le·
1347 1165 1349 1232 l

302 1251 334 1301 11
349 1264 403 1319 qer,
419 1246 548 1301 instituta
559 1245 715 1319 facientem,
731 1244 825 1301 habere
838 1245 974 1301 rationem
994 1245 1034 1301 rei
1047 1245 1221 1319 familiaric-
1254 1241 1303 1301 Nc·
1347 1241 1349 1302 ἶ

352 1355 404 1410 que
422 1337 494 1392 euim
514 1335 605 1391 solum
628 1336 704 1391 mobis
723 1334 820 1391 diuites
841 1354 894 1397 esec
914 1336 1051 1401 volumus,
1067 1334 1115 1391 ced
1137 1334 1235 1401 liberis,
1248 1350 1304 1407 pro·
1348 1337 1349 1344 ’

348 1427 471 1499 pinquis,
492 1424 596 1489 amicis,
619 1426 789 1499 mazimeque
809 1426 850 1481 rei
868 1426 997 1499 publico.
1041 1424 1229 1497 Simqulorum
1246 1424 1306 1480 mim

304 1520 336 1571 12
351 1516 507 1589 facultates
528 1522 553 1570 et
577 1516 660 1588 copim
681 1515 788 1572 divitica
810 1523 877 1571 sunt
899 1515 1027 1573 ciuitatis.
1081 1514 1158 1572 Huic
1184 1513 1308 1573 Scaevola

331 1604 468 1676 iactum,
483 1607 591 1683 dequo
615 1604 701 1683 paulo
721 1612 788 1663 ante
808 1606 875 1673 dixi,
890 1606 1002 1683 placere
1016 1605 1095 1662 nullo
1114 1605 1203 1663 modo
1217 1609 1308 1683 potest

352 1695 464 1753 Etenim
488 1697 601 1754 omnino
622 1703 735 1753 tantum
762 1714 793 1753 sa
817 1702 905 1773 negat
928 1695 1072 1753 facturum
1096 1695 1257 1772 compendii
1273 1691 1310 1751 sui

352 1806 446 1855 causa,
462 1789 539 1866 qnod
553 1806 610 1846 non
622 1787 714 1844 licoat.
756 1785 833 1843 Huic
846 1804 899 1844 uec
912 1785 975 1843 laus
986 1804 1092 1863 magna
1102 1784 1255 1843 tribuenda
1266 1801 1311 1841 neo

302 1884 337 1935 13
352 1878 444 1955 gratia
454 1887 506 1936 est.
539 1878 598 1936 Sed
607 1877 664 1934 sire
673 1875 815 1933 simulatio
826 1883 856 1933 et
864 1875 1050 1933 dissimulatio
1061 1874 1146 1932 dolus
1156 1876 1249 1933 malus
1259 1880 1312 1941 em

307 1986 312 1994 ·
352 1987 502 2046 perpaucae
516 1988 561 2025 ros
575 1976 650 2034 sunt,
665 1966 694 2023 in
707 1966 810 2042 quibus
824 1985 880 2023 non
902 1966 985 2024 dolus
998 1966 1052 2023 iste
1066 1966 1159 2023 malus
1174 1972 1311 2023 versetur:

352 2059 410 2115 sire
435 2058 477 2114 vir
505 2059 596 2116 bonus
621 2065 665 2114 est
691 2056 723 2123 is,
748 2056 797 2133 qui
825 2055 952 2134 prodest,
974 2056 1078 2133 quibus
1106 2062 1212 2133 potest,
1236 2060 1314 2113 nocet

352 2148 472 2215 nemiui;
504 2155 581 2206 certe
608 2148 694 2205 istum
718 2146 811 2204 virum
836 2147 942 2204 bonum
967 2165 1024 2203 non
1047 2145 1131 2204 facile
1153 2145 1313 2224 reperimus

305 2244 338 2295 14
353 2238 507 2315 Nunquam
526 2238 612 2316 igitur
630 2245 675 2294 est
695 2237 764 2293 utile
786 2254 914 2314 peccare,
934 2236 1001 2313 quia
1020 2254 1134 2313 semper
1154 2243 1200 2294 ast
1220 2243 1313 2313 turpe:

352 2334 382 2384 et
394 2329 461 2405 quia
475 2346 588 2406 semper
601 2333 645 2384 est
665 2328 818 2384 honestum
831 2326 924 2384 virum
944 2327 1051 2384 bonum
1065 2344 1136 2395 esse,
1150 2344 1264 2406 semper
1276 2330 1315 2384 est

353 2419 430 2475 utile.

392 2599 472 2656 XVI.
488 2599 533 2658 Ao
545 2600 581 2657 de
593 2599 657 2677 jure
667 2599 782 2677 quidem
793 2598 966 2676 praediorum
976 2604 1107 2655 sanctum
1121 2597 1202 2675 apud
1215 2616 1267 2655 nos
1277 2602 1316 2654 cst

350 2691 415 2769 jure
439 2689 518 2758 civili,
539 2699 573 2747 ut
595 2690 623 2747 iu
647 2690 691 2748 his
712 2689 868 2747 vendendis
888 2689 956 2746 vitia
980 2688 1150 2762 dicerentur,
1167 2707 1234 2766 quae
1253 2693 1316 2745 nota

321 2789 337 2839 2
353 2788 447 2840 essent
460 2780 607 2839 venditori.
649 2781 732 2847 Nam,
748 2799 814 2837 cum
829 2799 864 2836 ex
879 2779 1029 2836 duodecim
1043 2778 1148 2837 tabulis
1162 2779 1233 2836 satis
1246 2783 1316 2835 essct

353 2892 387 2931 ea
408 2873 544 2951 praestari,
561 2891 625 2949 quae
645 2877 740 2928 essent
760 2870 859 2946 lingua
879 2876 1052 2947 nuncupata,
1068 2887 1132 2945 quae
1150 2868 1200 2945 qui
1221 2868 1315 2926 infitia-

354 2971 401 3022 tus
415 2971 498 3032 esset‚
514 2963 594 3041 dupli
608 2981 724 3041 poenam
739 2960 862 3018 subiret:
884 2978 901 3015 a
918 2959 990 3037 juris
1005 2957 1140 3016 consultis
1155 2959 1242 3015 etiam
1255 2957 1316 3015 reti·

321 3060 338 3110 3
353 3055 453 3112 centiae
467 3074 554 3132 poena
568 3061 612 3111 cst
626 3053 786 3111 constituta.
830 3049 972 3126 Quicquid
992 3049 1067 3106 enim
1081 3055 1158 3105 esset
1170 3048 1200 3106 in
1214 3048 1317 3126 praedio

352 3145 419 3212 vitii,
434 3145 463 3201 id
477 3151 646 3210 statuerunt,
662 3146 685 3202 si
699 3142 829 3202 venditor
849 3141 941 3208 sciret,
960 3141 1012 3197 nisi
1033 3140 1200 3197 nominatim
1213 3140 1317 3199 dictum

321 3239 339 3290 4
354 3242 437 3301 esset,
449 3234 577 3311 praestori
591 3241 729 3309 oportere.
772 3233 823 3300 Ut,
836 3251 901 3290 oum
911 3231 940 3287 in
953 3249 1018 3289 arce
1029 3231 1181 3308 augurium
1196 3246 1318 3308 augures

353 3323 443 3381 acturi
466 3329 568 3387 essent,
588 3322 794 3400 jussissemque
816 3323 856 3380 Ti.
873 3321 1025 3379 Claudium
1039 3320 1251 3388 Centumalum,
1272 3322 1317 3399 qui

355 3411 429 3468 ades
445 3412 473 3467 in
487 3410 579 3468 Coelio
592 3418 688 3468 monte
707 3414 842 3481 habebat,
857 3411 986 3470 demoliri
999 3430 1041 3479 ea,
1056 3430 1177 3489 quorum
1198 3410 1318 3469 altitudo

354 3500 479 3558 officeret
501 3500 640 3576 auspiciis,
668 3502 805 3560 Claudius
829 3502 996 3581 proscripsit
1021 3502 1150 3569 insulam,
1175 3502 1319 3569 vendidit;

323 3599 339 3648 5
354 3588 421 3647 emit
435 3589 468 3646 P.
479 3590 649 3666 Calpurnius
658 3592 803 3650 Lanarius.
846 3593 920 3651 Huic
935 3593 972 3650 ab
986 3591 1144 3670 auguribus
1157 3591 1230 3649 illud
1244 3592 1320 3650 idem

354 3679 550 3736 denuntiatum
570 3687 621 3738 est.
663 3683 766 3760 Itaque
781 3683 952 3761 Calpurnius
973 3702 1039 3740 cum
1060 3681 1214 3739 demolitus
1235 3688 1319 3749 esset,

355 3775 569 3845 cognossetque,
595 3770 747 3829 Claudium
774 3772 850 3829 ades
877 3780 978 3850 postea
1005 3771 1213 3850 proscripsisse,
1235 3792 1320 3849 quam

354 3858 486 3916 essetab
506 3859 661 3935 auguribus
682 3861 809 3919 demoliri
831 3863 937 3939 jussus,
953 3862 1092 3919 arbitrum
1112 3861 1192 3918 illum
1212 3861 1322 3942 adegit,

355 3966 764 4018 ou1oourosra1ouan,
786 3970 930 4011 racana
952 3970 1156 4011 oroarnrnr
1175 3971 1219 4010 ux
1240 3971 1325 4014 arua
