3259 4775
642 624 729 662 usna
747 609 792 663 irr.
835 621 901 662 chr.
923 622 988 661 x111.
1271 610 1324 663 101

303 751 510 832 Respondebit
529 753 673 831 Diogenes
692 753 814 810 fortasse
835 752 891 810 sic:
913 752 1003 810 Aliud
1017 759 1062 810 est
1084 753 1185 820 celare,
1201 752 1278 811 aliud
1294 759 1311 811 8

304 851 408 902 tacere
419 863 426 911 ;
446 862 539 920 neque
552 862 608 921 ego
621 862 696 901 nunc
708 849 736 900 te
751 842 821 909 celo,
837 842 860 900 si
873 842 925 900 tibi
938 861 995 900 non
1009 842 1081 910 dioc,
1096 862 1162 919 quae
1175 849 1278 900 natura

306 934 431 992 deorum
445 933 489 1000 sit,
504 932 554 1009 qui
568 933 604 989 sit
624 932 686 989 finis
708 933 856 1000 bonorum,
872 951 937 1009 quae
958 932 1009 990 tibi
1031 932 1096 1010 plus
1110 933 1279 1010 prodessent

308 1025 435 1102 cognita,
449 1041 537 1100 quam
557 1023 641 1098 tritici
655 1023 755 1080 vilitas.
798 1022 857 1080 Sed
871 1041 936 1089 non,
958 1022 1094 1098 quicquid
1108 1023 1160 1080 tibi
1180 1023 1278 1082 audire

307 1115 381 1172 utile
404 1120 456 1181 est,
477 1113 507 1170 id
526 1083 710 1171 mihi-fficere
730 1131 847 1170 necesse
867 1119 919 1170 est.
961 1113 1054 1169 Immo
1075 1131 1151 1179 vero,
1171 1113 1309 1190 inquieti]

309 1205 366 1271 ille,
381 1222 496 1261 necesse
511 1210 562 1270 est,
577 1203 602 1260 si
614 1203 731 1279 quidem
746 1202 902 1269 meministi,
919 1220 980 1260 esse
994 1202 1066 1258 inter
1081 1202 1208 1260 homines
1228 1222 1276 1260 na·

310 1301 376 1352 tura
389 1295 570 1371 conjunctam
583 1294 757 1352 societatem.
799 1292 924 1360 Memini,
935 1293 1043 1369 inquiet
1055 1293 1121 1351 ille:
1143 1293 1195 1352 sed
1208 1312 1277 1351 num
1293 1300 1330 1352 10

307 1384 365 1442 ista
379 1384 498 1442 societas
510 1385 575 1459 talis
589 1390 642 1452 est,
657 1392 691 1442 ut
704 1383 773 1441 nihil
787 1403 871 1441 suum
892 1383 1061 1461 cujusquam
1082 1383 1142 1441 sit?
1163 1383 1240 1461 quod
1254 1383 1278 1442 si

308 1475 350 1532 ita
362 1482 415 1542 est,
429 1493 466 1532 ne
479 1475 661 1532 vendendum
675 1473 790 1551 quidem
803 1474 955 1551 quicquam
970 1481 1022 1542 est,
1037 1475 1089 1532 sed
1103 1474 1275 1534 donandum.

312 1562 395 1622 XIII.
416 1565 506 1623 Vides
520 1554 549 1623 in
562 1566 616 1623 hac
631 1571 692 1622 tota
710 1565 914 1641 disceptatione
934 1584 991 1623 non
1010 1564 1080 1623 illud
1097 1566 1161 1634 dici,
1176 1585 1275 1643 quam·

311 1654 352 1712 vis
366 1655 421 1713 hoc
441 1661 526 1732 turpe
546 1656 591 1723 sit,
605 1663 710 1735 tamen,
725 1655 859 1731 quoniam
879 1655 1002 1732 expedit,
1025 1656 1144 1723 faciam;
1165 1656 1217 1713 sed
1237 1656 1276 1713 ita

307 1745 501 1822 expedirent
520 1752 606 1823 turpe
630 1765 686 1803 non
710 1746 764 1803 sit:
786 1764 822 1802 ex
841 1745 930 1802 altera
952 1752 1048 1803 autem
1069 1752 1160 1822 parte,
1182 1764 1215 1802 ea
1235 1764 1274 1812 re,

307 1837 377 1913 quia
390 1842 474 1913 turpe
487 1835 531 1904 sit,
546 1855 603 1893 non
616 1855 679 1893 esse
693 1835 862 1893 laciendum.
903 1834 1019 1892 Vendat
1037 1835 1114 1892 aedes
1128 1835 1275 1893 virbonus
1291 1843 1307 1893 2

307 1933 429 2004 propter
441 1926 534 2003 aliqua
554 1926 629 1994 vitia,
644 1945 710 2002 quae
725 1926 785 2003 ipse
807 1925 889 1993 norit,
911 1925 997 1983 ceteri
1019 1925 1149 2003 ignorent
1160 1945 1167 1992 ;
1189 1925 1273 2001 pesti·

306 2016 402 2074 lentes
415 2016 478 2084 sint,
493 2024 523 2073 et
535 2017 695 2074 habeantur
708 2017 835 2074 salubres
846 2037 853 2085 ;
874 2016 1028 2093 ignoretur,
1039 2016 1068 2072 in
1082 2015 1212 2073 omnibus
1227 2036 1274 2074 cu-

306 2105 411 2164 biculis
431 2125 570 2184 apparere
591 2113 757 2183 serpentes;
779 2106 854 2163 male
874 2107 1032 2165 materiatae
1057 2106 1120 2174 sint,
1142 2107 1273 2176 ruinosae,

307 2195 362 2254 sed
376 2197 449 2263 hoe,
459 2204 564 2273 praeter
578 2196 731 2263 dominum,
746 2215 830 2253 nemo
850 2197 939 2254 sciat:
960 2215 1066 2273 quaero,
1082 2198 1106 2254 si
1118 2198 1181 2256 haec
1195 2216 1273 2276 emp·
1290 2205 1306 2255 3

306 2287 419 2345 toribus
431 2287 560 2344 venditor
573 2306 629 2344 non
644 2287 753 2354 dixerit,
764 2286 899 2363 aedesque
908 2287 1066 2345 vendiderit
1074 2287 1164 2365 pluris
1174 2287 1273 2354 multo,

307 2396 397 2456 quam
411 2396 442 2435 se
454 2376 637 2435 venditurum
657 2377 772 2455 putarit,
788 2397 857 2435 num
879 2374 932 2457 [id]
953 2377 1059 2456 injuste
1073 2384 1124 2436 aut
1145 2377 1274 2456 improbe

307 2467 418 2527 fecerit.
459 2468 513 2526 Ille
533 2487 609 2535 vero,
631 2468 722 2545 inquit
735 2467 896 2546 Antipater.
939 2469 1015 2537 Quid
1036 2476 1080 2526 est
1100 2469 1174 2526 enim
1188 2469 1273 2537 aliud,
1290 2474 1307 2526 4

307 2557 415 2616 erranti
436 2557 510 2615 viam
536 2577 593 2615 non
619 2564 786 2625 monstrare,
807 2558 886 2635 quod
906 2558 1029 2616 Athenis
1053 2559 1276 2618 execrationibus

307 2637 432 2726 publicis
446 2655 576 2705 sanctum
596 2654 649 2716 est,
664 2648 688 2705 si
707 2648 762 2705 hoc
782 2667 840 2705 non
861 2655 913 2715 est,
929 2656 1087 2726 emptorem
1101 2650 1160 2726 pati
1183 2668 1273 2717 ruere,

307 2745 339 2795 et
352 2756 404 2815 per
417 2757 542 2796 errorem
555 2739 584 2796 in
596 2738 746 2795 maximam
756 2738 885 2795 fraudem
898 2738 1063 2796 incurrere?
1104 2739 1175 2797 Plus
1189 2740 1273 2797 etiam
1289 2750 1305 2799 5

306 2836 363 2895 eet,
379 2847 464 2905 quam
477 2830 551 2887 viam
564 2849 622 2886 non
635 2837 798 2887 monstrare.
841 2827 918 2886 Nam
938 2835 981 2887 est
1002 2828 1136 2886 scientem
1155 2829 1185 2886 in
1198 2848 1273 2887 erro-

305 2937 371 2977 rem
394 2919 515 2977 altcrum
536 2919 678 2977 inducere.
720 2919 864 2997 Diogenes
890 2926 1005 2977 contra:
1028 2920 1107 2977 Num
1130 2926 1160 2976 te
1180 2927 1305 2979 emeret}

306 3009 412 3088 coegit,
427 3009 475 3087 qui
487 3029 522 3067 ne
536 3010 666 3067 hortatus
679 3009 794 3086 quidem
808 3010 874 3067 est?
897 3010 959 3077 Ille,
970 3009 1048 3086 quod
1059 3028 1116 3067 non
1130 3009 1271 3087 placebat,
1319 3065 1321 3069 .

306 3100 490 3178 proscripsit:
513 3107 553 3168 tu,
568 3099 646 3177 quod
660 3100 800 3177 placebat,
817 3099 917 3166 emisti.
959 3099 1069 3179 Quodsi
1083 3100 1131 3177 qui
1151 3101 1304 3177 proscril
1336 3165 1345 3176 .

307 3192 384 3249 bunt
396 3209 532 3249 vinnan
551 3209 678 3247 acirim
698 3210 867 3254 sansonie
890 3208 1140 3258 mormannum,
1155 3210 1211 3248 non
1226 3210 1273 3249 ex·
1347 3178 1350 3182 ’

305 3279 469 3341 istimantur
481 3281 623 3348 fefellisse,
645 3280 756 3338 etiamsi
771 3280 821 3339 illa
839 3300 892 3340 nec
912 3282 987 3340 bona
1001 3289 1053 3348 est,
1068 3300 1121 3339 nec
1136 3280 1275 3339 redificata

305 3370 418 3429 ratione
429 3391 436 3439 ;
457 3372 548 3429 multo
561 3372 661 3439 minuc,
673 3371 723 3449 qui
733 3372 852 3430 domum
862 3393 919 3430 non
931 3372 1092 3430 laudarunt.
1122 3371 1184 3430 Ubi
1198 3372 1273 3430 enim

301 3460 448 3541 judicium
462 3462 598 3539 emptoris
611 3468 663 3528 est,
683 3462 721 3520 ibi
734 3462 813 3520 fraus
827 3463 979 3521 venditoris
1000 3480 1065 3539 quae
1079 3468 1175 3539 potest
1189 3463 1273 3521 esse?

305 3552 362 3610 Sin
376 3559 470 3609 autem
485 3553 594 3611 dictum
612 3572 669 3611 non
690 3571 773 3611 omne
788 3553 984 3630 praestandum
998 3559 1050 3620 est,
1066 3552 1145 3629 quod
1158 3552 1275 3627 dictum
1290 3560 1306 3611 8

303 3661 368 3701 non
381 3649 433 3710 est,
447 3643 477 3700 id
490 3643 684 3720 praestandum
694 3645 801 3721 putas?
831 3643 908 3712 Quid
918 3662 985 3701 vero
996 3650 1040 3700 est
1053 3643 1176 3710 stultius,
1187 3662 1274 3719 quam

303 3731 485 3791 venditorem
498 3733 561 3811 ejus
574 3734 623 3801 rei,
639 3752 725 3809 quam
739 3733 853 3800 vendat,
868 3733 935 3791 vitia
955 3734 1093 3791 narrare?
1135 3733 1211 3803 Quid
1225 3752 1274 3790 au-

303 3830 370 3881 tem
383 3828 443 3879 tam
456 3823 621 3892 absurdum,
632 3823 751 3900 quamsi
764 3823 870 3881 domini
881 3824 965 3902 jussu
974 3824 1014 3881 ita
1022 3842 1117 3901 praeco
1128 3823 1273 3901 praedicet‚

300 3932 442 3973 nouum
462 3932 717 3971 rnsrrcrirrnir
737 3915 882 3972 vanno?
918 3914 964 3972 Sic
979 3912 1305 3992 ergoinquibusdamtl

303 4002 404 4063 causis
418 4003 510 4062 dubiis
534 4022 569 4061 er
590 4004 679 4062 altera
699 4011 782 4082 parte
802 4004 964 4063 defenditur
976 4005 1119 4071 honestas,
1134 4020 1170 4061 ex
1183 4002 1274 4060 altero
