3259 4775
755 347 761 400 l

727 505 745 573 l

296 573 333 628 14
710 588 748 628 nu
770 588 897 630 orrrorrs

961 479 972 514 Ι

349 738 432 777 suum
456 718 595 797 cujusque
616 720 650 777 fit
673 738 779 788 eorum,
801 739 867 797 quae
892 727 994 778 natura
1014 721 1127 784 fuerant
1147 720 1317 789 communia,

208 799 259 923 N
316 809 426 886 oquod
446 808 547 886 cuique
567 809 677 888 obtigit,
692 810 722 868 id
741 810 860 888 quisque
880 817 983 869 teneat.
1025 810 1128 888 Equo
1148 811 1172 870 si
1185 811 1249 889 quis
1264 811 1316 870 sibi

349 906 475 977 appetet,
496 899 613 958 violabit
630 901 678 977 jus
698 902 833 959 humanae
852 901 1004 960 societatis.
1046 901 1105 959 Sed
1125 902 1268 979 quoniam,
1283 910 1319 960 ut

348 990 483 1068 praeclare
504 990 640 1068 scriptum
661 998 705 1049 est
725 1010 743 1048 a
763 992 893 1060 Platone,
908 1011 965 1049 nou
985 992 1067 1050 nobis
1081 991 1175 1050 solum
1195 992 1255 1050 nati
1268 1012 1316 1051 su-

349 1099 422 1153 mus,
436 1088 571 1159 ortusque
590 1082 679 1140 nostri
699 1089 810 1160 partem
832 1082 925 1161 patria
937 1082 1068 1151 vindicat,
1084 1090 1196 1160 partem
1216 1083 1317 1152 amici;

349 1177 442 1249 atque,
456 1182 490 1230 ut
510 1172 605 1251 placet
626 1173 736 1241 Stoicis,
759 1192 826 1251 quae
845 1172 875 1230 in
894 1173 977 1231 terris
997 1172 1158 1252 gignantur,
1174 1172 1212 1231 ad
1231 1193 1318 1232 usum

349 1262 495 1321 hominum
515 1263 609 1321 omnia
622 1263 719 1332 creari,
733 1263 862 1321 homiues
875 1270 973 1321 autem
992 1263 1140 1321 hominum
1154 1283 1241 1321 causa
1255 1282 1318 1322 esso

349 1360 506 1431 generatos,
521 1361 555 1412 ut
567 1354 622 1432 ipsi
640 1354 712 1412 iuter
726 1373 757 1411 se
778 1353 839 1412 aliis
853 1353 899 1411 alii
919 1353 1055 1431 prodesse
1069 1361 1200 1432 possent:
1220 1354 1249 1411 iu
1262 1356 1319 1413 hoc

349 1449 480 1500 naturam
501 1443 639 1503 debemus
659 1444 761 1502 dueem
776 1444 865 1521 sequi,
881 1463 1045 1502 communes
1066 1444 1203 1502 utilitates
1216 1444 1246 1502 iu
1259 1464 1318 1503 me·

350 1532 429 1590 dium
447 1533 555 1602 afferre,
570 1534 726 1592 mutatione
750 1535 915 1603 officiorum,
937 1534 1041 1603 dando,
1062 1536 1234 1613 accipiendo,
1257 1543 1319 1593 tum

349 1623 465 1691 artibus,
491 1630 554 1682 tum
578 1643 673 1702 opera,
695 1631 758 1683 tum
785 1625 978 1693 facultatibus,
1003 1625 1144 1684 devincire
1173 1626 1320 1684 homiuum

317 1719 336 1770 o
349 1714 423 1772 inter
437 1715 564 1774 homines
578 1716 750 1775 societatem.
792 1715 1022 1774 Fundamentum
1037 1723 1133 1774 autem
1147 1723 1191 1774 est
1201 1716 1320 1793 justitiae

349 1804 429 1873 fides,
441 1805 469 1863 id
485 1813 528 1863 est
548 1805 690 1865 dictorum
711 1812 972 1883 conventorumque
992 1806 1150 1865 constantia
1163 1813 1193 1865 et
1206 1806 1319 1865 veritas.

350 1896 394 1953 Ex
414 1916 481 1973 quo,
495 1916 668 1975 quamquam
689 1898 744 1955 hoc
765 1896 910 1955 videbitur
929 1896 1049 1955 fortasse
1070 1897 1193 1984 πίω
1212 1897 1319 1965 durius,

350 1993 447 2044 tamen
456 1986 612 2044 audeamus
622 1986 724 2044 imitari
736 1987 857 2053 Stoicos,
869 1986 917 2064 qni
931 1986 1058 2046 studiose
1073 1988 1232 2066 exquirunt,
1243 1988 1321 2046 uude

239 2114 242 2119 -
351 2076 439 2134 verba
454 2075 510 2133 sint
527 2075 614 2133 dueta
623 2096 630 2144 ;
652 2076 869 2153 credamusque,
885 2077 952 2155 quia
960 2078 1030 2156 Q
1045 2078 1124 2156 quod
1144 2078 1252 2136 dictum
1266 2084 1320 2146 est,

350 2165 525 2243 appellatam
538 2165 632 2224 fidem.

323 2255 339 2313 7
395 2255 454 2313 Sed
481 2255 628 2333 injustitiae
655 2276 760 2335 genera
781 2256 840 2315 duo
860 2265 944 2316 sunt:
973 2277 1062 2315 uuum
1083 2277 1190 2326 eorum,
1211 2258 1260 2336 qui
1279 2257 1320 2315 in-

351 2347 462 2414 ferunt;
483 2346 605 2405 alterum
616 2365 722 2416 eorum,
734 2346 783 2426 qui
797 2348 834 2407 ab
846 2348 887 2417 iis,
899 2348 1002 2426 quibus
1015 2348 1142 2419 infertur,
1154 2350 1178 2408 si
1191 2356 1320 2428 possunt,

320 2444 409 2495 8non
435 2437 603 2514 propulsant
626 2437 766 2515 injuriam.
817 2439 893 2496 Nam
919 2439 969 2516 qui
995 2439 1100 2518 injuste
1126 2441 1266 2518 impetum
1292 2439 1322 2498 in

353 2527 517 2605 quempiam
537 2527 614 2597 facit,
629 2536 680 2587 aut
699 2529 748 2597 ira,
764 2536 814 2587 aut
834 2530 928 2607 aliqua
948 2531 1160 2608 perturbatione
1180 2531 1321 2598 incitatus

351 2618 375 2675 is
389 2617 469 2695 quasi
488 2637 589 2676 manus
610 2619 710 2678 afferre
728 2620 842 2678 videtur
862 2621 953 2678 socio:
975 2621 1024 2698 qui
1043 2628 1140 2680 autem
1154 2641 1210 2679 non
1224 2621 1322 2679 defen-

352 2708 402 2776 dit,
417 2727 469 2766 uec
483 2708 601 2777 obsistit,
617 2710 639 2766 si
654 2717 758 2787 potest,
773 2710 895 2788 injuriae,
911 2718 970 2768 tam
992 2717 1037 2768 est
1056 2711 1085 2768 in
1105 2711 1182 2780 vitio,
1198 2711 1322 2789 quamsi

353 2805 483 2877 parentes
497 2807 548 2856 aut
562 2799 666 2857 amicos
680 2807 730 2857 aut
744 2801 867 2878 patriam
881 2801 1003 2859 deserat.

320 2896 337 2948 9
392 2889 491 2967 Atque
504 2890 560 2948 illae
574 2891 690 2968 quidem
709 2891 830 2970 iujuriae,
844 2909 908 2968 quae
927 2891 1046 2950 nocendi
1068 2910 1155 2950 causa
1175 2892 1212 2950 de
1226 2892 1321 2950 indus-

353 2979 407 3038 tria
427 2980 594 3050 inferuntur,
616 3001 694 3059 saepe
722 3001 739 3038 a
767 2989 848 3040 metu
868 2982 1101 3059 proficiscuntur;
1132 2983 1250 3049 cumis,
1274 2982 1322 3059 qui

352 3090 452 3129 nocere
475 3072 556 3131 alteri
576 3073 691 3152 cogitat,
712 3073 801 3141 timet,
823 3091 868 3140 ne,
889 3072 941 3130 nisi
965 3072 995 3130 id
1019 3072 1127 3140 lecerit,
1142 3072 1204 3150 ipse
1228 3073 1322 3149 aliquo

304 3167 339 3218 ιθ
353 3161 490 3219 afficiatur
502 3163 689 3221 incommodo.
730 3164 886 3220 Maximam
900 3170 997 3220 autem
1012 3170 1124 3240 partem
1138 3163 1176 3220 ad
1189 3154 1322 3240 injuriam

352 3251 514 3332 faciundam
527 3252 739 3329 aggrediuntur,
754 3260 788 3309 ut
801 3252 994 3329 adipiscantur
1007 3271 1048 3320 ea,
1064 3273 1129 3330 quae
1154 3253 1321 3330 concupive-

353 3349 435 3398 runt:
456 3341 484 3397 in
498 3360 555 3417 quo
569 3340 636 3398 vitio
653 3341 788 3399 latissime
802 3349 884 3420 patet
898 3342 1025 3401 avaritia.
1067 3343 1153 3403 VIII.
1175 3343 1322 3420 Expetun-

354 3438 401 3489 tur
424 3438 520 3488 autem
541 3430 645 3490 divitiae
667 3452 732 3489 cum
759 3432 796 3490 ad
816 3452 885 3490 usus
905 3433 971 3492 vitae
1000 3433 1180 3500 necessarios,
1202 3440 1264 3490 tum
1284 3432 1323 3490 ad

323 3528 338 3578 2
355 3521 539 3599 perfruendas
550 3521 721 3600 voluptates.
763 3523 798 3581 In
811 3523 916 3601 quibus
928 3531 1025 3582 autem
1038 3525 1132 3602 major
1145 3531 1189 3582 est
1202 3523 1321 3590 animus,

354 3612 382 3668 in
402 3611 434 3668 iis
455 3612 580 3688 pecuniae
595 3612 736 3690 cupiditas
756 3620 870 3692 spectat
889 3613 927 3670 ad
948 3632 1018 3691 opes
1038 3621 1068 3673 et
1089 3613 1126 3671 ad
1146 3612 1323 3693 gratificandi

354 3703 536 3760 facultatem:
557 3710 591 3760 ut
604 3722 696 3782 nuper
715 3704 755 3762 M.
772 3705 893 3762 Crassus
907 3704 1039 3782 negabat,
1054 3704 1142 3761 ullam
1155 3703 1223 3760 satis
1243 3722 1323 3781 mag-

353 3811 420 3849 uam
434 3793 583 3870 pecuniam
597 3813 659 3852 esse
674 3793 707 3861 ei,
722 3794 770 3872 qui
784 3795 812 3852 iu
830 3813 861 3852 re
876 3794 991 3872 publica
1005 3794 1137 3872 princeps
1151 3794 1237 3852 vellet
1250 3812 1322 3860 esse,

322 3888 339 3941 δ
354 3883 436 3961 cujus
450 3883 588 3942 fructibus
602 3884 757 3942 exercitum
767 3885 843 3971 alere
852 3904 908 3942 non
923 3892 1027 3962 posset.
1069 3884 1222 3942 Delectant
1236 3882 1322 3942 etiam

354 3973 668 4052 magnifioi‘apparatus
683 3974 804 4052 vitaeque
825 3975 919 4034 cultus
936 3994 1001 4032 curn
1021 3974 1162 4054 elegantia
1181 3981 1211 4032 et
1231 3970 1321 4053 eopia
