3259 4775
368 603 405 658 84
784 615 824 654 nn
838 614 969 654 orrucrrs

418 746 473 804 fuit
486 743 620 823 sapientis
631 751 660 802 et
670 745 834 823 praestantis
842 744 902 811 viri,
914 744 1044 802 omnibus
1054 742 1262 804 consulendum
1270 743 1394 823 putavit

369 843 403 896 ll
420 837 518 913 anue
532 842 577 892 est
590 854 701 893 summa
715 836 828 893 ratioet
842 835 980 913 sapientia
994 835 1061 893 boni
1075 835 1151 904 civis,
1166 833 1380 894 commodaeiri·

419 946 468 983 um
492 945 549 983 non
573 926 713 993 divellere,
735 933 822 1003 utque
843 944 940 983 omnes
962 926 1096 1002 aequitate
1116 925 1218 983 eadem
1239 925 1373 983 continere

371 1024 404 1075 12
420 1017 558 1075 Habitent
580 1017 669 1095 gratis
690 1016 719 1073 in
739 1016 855 1073 alicno‘?
897 1015 972 1085 Quid
992 1016 1057 1073 ita?
1099 1015 1151 1083 Ut,
1166 1035 1234 1074 cum
1247 1034 1299 1095 ego
1311 1029 1366 1072 eme

420 1107 482 1175 rim,
495 1106 668 1175 aedificarim,
680 1113 769 1173 tuear,
780 1106 955 1183 impendam,
967 1112 1008 1172 tu,
1023 1124 1069 1163 me
1082 1105 1179 1173 invito,
1194 1106 1289 1163 fruare
1300 1100 1365 1163 meol

421 1197 496 1267 Quid
510 1204 555 1255 est
568 1196 645 1254 aliud
659 1196 720 1254 aliis
734 1215 786 1253 sua
799 1196 917 1273 eripere,
932 1195 993 1252 aliis
1007 1195 1076 1252 darc
1090 1195 1206 1253 aliena?

373 1295 405 1346 la
447 1288 565 1346 Tabulae
575 1307 642 1345 vero
656 1305 737 1344 novae
752 1286 821 1363 quid
835 1285 942 1342 habent
952 1285 1122 1363 argumenti,
1131 1284 1185 1343 nisi
1195 1291 1230 1343 ut
1239 1303 1311 1343 emas
1320 1298 1363 1341 nu

422 1379 541 1456 pecunia
563 1376 700 1445 fundum;
721 1396 788 1434 eum
809 1383 843 1433 tu
862 1375 977 1443 habeas,
993 1394 1048 1454 ego
1067 1395 1125 1433 non
1139 1374 1262 1434 habeam
1275 1372 1362 1453 pecnni-

338 1461 344 1472 '
421 1468 492 1524 am‘?
520 1467 628 1525 XXIV.
645 1467 738 1536 Quam
749 1467 857 1523 obrem
867 1484 903 1523 ne
914 1466 950 1523 sit
962 1484 1000 1523 oes
1012 1466 1143 1534 alienum,
1152 1466 1232 1544 quod
1244 1466 1283 1524 rei
1295 1462 1363 1544 publ·

422 1576 463 1615 cae
476 1565 586 1625 noceat,
601 1557 809 1635 providendum
824 1564 884 1624 est;
907 1554 1010 1636 (quod'²
1018 1556 1117 1613 multis
1130 1556 1284 1615 rationibus
1297 1551 1364 1613 cartu

422 1655 517 1725 potest
527 1646 547 1727 z)
562 1667 627 1716 non,
643 1648 772 1715 siluerit,
788 1655 822 1705 ut
835 1648 994 1725 locupletes
1008 1667 1092 1705 suum
1105 1646 1238 1725 perdent,
1250 1646 1372 1708 debitores.

391 1745 407 1795 2
421 1739 567 1797 lucrentur
580 1739 710 1797 alienum.
752 1738 814 1795 Nec
829 1738 904 1795 enim
918 1738 977 1795 ulla
997 1756 1042 1795 res
1055 1738 1252 1795 vehementius
1264 1756 1319 1795 rem
1329 1752 1366 1813 pn·

423 1830 525 1888 blicam
539 1830 671 1897 continet,
687 1848 774 1907 quam
788 1828 875 1886 fides:
896 1846 961 1905 quae
975 1846 1038 1886 esse
1050 1828 1129 1896 nulla
1150 1834 1255 1906 potest,
1269 1826 1318 1885 nisi
1328 1822 1366 1882 erit

391 1928 408 1979 3
423 1921 582 1979 necessaria
596 1920 699 1978 solutio
713 1938 808 1976 rerum
821 1918 999 1976 creditarum.
1030 1918 1187 1995 Nunquam
1197 1914 1368 1977 vehementius

424 2019 520 2069 actum
535 2018 586 2078 est,
598 2029 684 2087 quam
698 2029 744 2067 me
759 2008 882 2076 consule,
894 2028 930 2065 ne
944 2008 1109 2067 solveretur.
1140 2008 1239 2066 Armis
1250 2015 1279 2066 et
1291 2002 1369 2066 castrt

406 2176 409 2182 ²
424 2108 591 2159 tentatores
605 2100 700 2158 estab
715 2099 790 2156 omni
809 2117 914 2177 genere
934 2099 1080 2156 hominum
1100 2105 1130 2156 et
1150 2098 1264 2157 ordine:
1287 2096 1370 2177 qmbns

424 2191 464 2247 ita
484 2189 583 2258 restiti,
602 2196 636 2247 ut
653 2190 708 2247 hoc
730 2195 844 2247 tantum
866 2189 973 2246 malum
994 2188 1030 2247 de
1050 2207 1081 2246 re
1102 2188 1218 2266 publica
1237 2188 1371 2247 tolleretur.
1412 2241 1413 2268 3

392 2288 410 2338 4
425 2280 579 2358 Nunquam
593 2300 646 2340 nec
656 2280 750 2359 majus
761 2300 803 2339 as
817 2280 939 2338 alienum
952 2280 1008 2337 luit
1016 2299 1024 2347 ;
1037 2299 1090 2338 nec
1104 2280 1205 2339 melius
1218 2299 1272 2340 nec
1284 2277 1373 2339 iaoiliu
1412 2283 1413 2288 ’

425 2371 594 2429 dissolutum
609 2378 661 2429 est.
697 2370 861 2428 Fraudandi
872 2370 945 2428 enim
960 2390 1012 2448 spe
1023 2370 1143 2439 sublata,
1156 2370 1284 2430 solvendi
1296 2386 1374 2429 necet·

393 2471 410 2521 5
426 2461 493 2518 sitas
516 2467 669 2518 consecuta
691 2468 742 2517 est.
785 2461 829 2517 At
843 2480 910 2517 vero
930 2461 976 2517 hic
998 2480 1073 2518 nunc
1087 2461 1186 2529 victor,
1200 2468 1264 2519 tum
1279 2460 1377 2540 quidem

425 2552 526 2619 victua,
541 2570 606 2627 quea
622 2550 769 2628 cogitarat,
785 2570 819 2608 ea
833 2551 960 2627 perfecit,
976 2571 1041 2608 cum
1062 2551 1125 2629 ejus
1144 2551 1207 2629 jam
1220 2553 1290 2610 nihil
1307 2552 1378 2610 inter·

426 2649 508 2699 esset.
550 2641 640 2698 Tanta
653 2641 681 2698 in
695 2659 729 2698 eo
744 2641 881 2718 peccandi
901 2641 988 2699 libido
1003 2641 1065 2708 luit,
1081 2647 1114 2698 ut
1133 2642 1189 2699 hoo
1210 2641 1306 2720 ipsum
1327 2658 1380 2700 eum

426 2733 589 2800 delectaret,
605 2750 732 2810 peccare,
748 2732 858 2789 etiamsi
872 2750 958 2789 causa
970 2750 1028 2788 non
1041 2739 1124 2789 esset.

393 2830 411 2882 6
466 2823 515 2881 Ab
529 2823 584 2881 hoc
597 2823 685 2902 igitur
704 2840 808 2900 genere
829 2822 993 2899 largitionis,
1008 2829 1042 2879 ut
1056 2822 1116 2879 aliis
1131 2821 1224 2890 detur,
1241 2823 1303 2881 aliis
1316 2821 1383 2881 aufe·

425 2921 512 2983 ratur,
528 2915 649 2973 aberunt
662 2913 688 2982 ii,
704 2912 827 2991 quirem
841 2913 985 2989 publicam
1005 2912 1177 2970 tuebuntur:
1198 2913 1228 2970 in
1242 2913 1385 2992 primisque

426 3025 543 3083 operam
558 3006 676 3070 dabunt,
692 3011 725 3062 ut
744 3003 817 3082 juris
837 3009 867 3060 et
887 3002 1059 3080 judiciorum
1073 3003 1207 3080 aequitate
1221 3022 1307 3062 suum
1320 3003 1386 3082 quis·

426 3115 482 3175 quo
496 3103 608 3165 toneat3
630 3103 659 3154 et
672 3114 764 3172 neque
778 3093 919 3152 tenuiores
933 3099 1051 3169 propter
1070 3092 1262 3150 humilitatem
1275 3094 1387 3152 circum*

426 3187 581 3253 veniuntur,
596 3204 688 3262 neque
710 3184 902 3261 locupletibus
923 3182 961 3239 ad
982 3201 1033 3239 sua
1046 3183 1092 3240 vel
1112 3182 1236 3241 tenenda
1250 3183 1296 3242 vel
1316 3202 1388 3242 recu·

427 3276 553 3354 peranda
581 3276 656 3333 obsit
682 3274 801 3332 invidia:
831 3281 972 3351 praeterea
998 3273 1213 3350 quibuscunque
1240 3275 1328 3333 rebus
1351 3273 1389 3332 vel

427 3366 494 3424 belli
502 3365 548 3422 vel
561 3364 638 3421 domi
653 3369 795 3441 poterunt,
805 3383 866 3420 rem
878 3364 1020 3441 publicam
1034 3369 1159 3441 augeant
1171 3364 1301 3441 imperio,
1311 3364 1391 3444 agris,

398 3454 623 3532 lvectigalibus.
665 3453 736 3510 Haec
759 3472 930 3532 magnomm
953 3453 1101 3511 hominum
1124 3460 1207 3512 sunt:
1233 3454 1297 3512 haec
1318 3454 1393 3534 apud

428 3544 550 3622 majores
564 3551 675 3602 nostros
689 3543 835 3601 factitata:
857 3544 921 3602 haeo
942 3563 1047 3622 genera
1067 3543 1224 3601 officiorum
1238 3545 1288 3622 qui
1302 3563 1394 3623 perse·

429 3640 562 3713 quantur,
579 3654 644 3692 cum
659 3655 771 3692 summa
790 3634 913 3692 utilitate
926 3634 967 3691 rei
981 3633 1103 3712 publicae
1119 3652 1255 3712 magnam
1268 3635 1325 3714 ipsi
1338 3635 1395 3694 adi·

429 3725 574 3803 piscentur
588 3731 618 3782 et
631 3725 754 3803 gratiam
769 3732 798 3783 ct
812 3724 943 3803 gloriam.

399 3913 416 3968 8
470 3906 505 3964 In
519 3906 562 3964 his
576 3912 673 3963 autem
687 3905 841 3963 utilitatum
863 3904 1013 3982 praeceptis
1028 3904 1182 3982 Antipater
1196 3905 1308 3982 Tyrius,
1323 3905 1397 3969 Stoi·

429 3997 556 4077 eosqui
577 3995 700 4055 Athenis
721 4015 813 4073 nuper
833 4001 877 4053 est
897 4001 1035 4062 mortuus,
1056 3993 1115 4052 duo
1135 3996 1281 4072 proterite
1301 4012 1400 4057 censet
