<?xml version="1.0" encoding="UTF-8"?>
<!DOCTYPE html PUBLIC "-//W3C//DTD XHTML 1.0 Transitional//EN"
    "http://www.w3.org/TR/xhtml1/DTD/xhtml1-transitional.dtd">
<html xmlns="http://www.w3.org/1999/xhtml" xml:lang="en" lang="en">
 <head>
  <title>
</title>
<meta http-equiv="Content-Type" content="text/html;charset=utf-8" />
  <meta name='ocr-system' content='tesseract 3.04.00' />
  <meta name='ocr-capabilities' content='ocr_page ocr_carea ocr_par ocr_line ocrx_word'/>
</head>
<body>
  <div class='ocr_page' id='page_1' title='image "./mtulliiciceroni00thacgoog_0107.png"; bbox 0 0 3259 4775; ppageno 0'>
   <div class='ocr_carea' id='block_1_1' title="bbox 625 619 1285 672">
    <p class='ocr_par' dir='ltr' id='par_1_1' title="bbox 625 619 1285 672">
     <span class='ocr_line' id='line_1_1' title="bbox 625 619 1285 672; baseline 0.008 -5"><span class='ocrx_word' id='word_1_1' title='bbox 625 630 711 668; x_wconf 82' lang='lat' dir='ltr'>mana</span> <span class='ocrx_word' id='word_1_2' title='bbox 723 629 766 668; x_wconf 82' lang='lat'>111.</span> <span class='ocrx_word' id='word_1_3' title='bbox 808 630 874 669; x_wconf 72' lang='lat' dir='ltr'>cnr.</span> <span class='ocrx_word' id='word_1_4' title='bbox 889 631 927 670; x_wconf 87' lang='lat' dir='ltr'>xr.</span> <span class='ocrx_word' id='word_1_5' title='bbox 1247 619 1285 672; x_wconf 81' lang='grc'>99</span> 
     </span>
    </p>
   </div>
   <div class='ocr_carea' id='block_1_2' title="bbox 267 757 1284 1269">
    <p class='ocr_par' dir='ltr' id='par_1_2' title="bbox 267 757 1284 1269">
     <span class='ocr_line' id='line_1_2' title="bbox 268 757 1284 837; baseline 0.004 -21"><span class='ocrx_word' id='word_1_6' title='bbox 268 758 308 816; x_wconf 85' lang='lat' dir='ltr'>ad</span> <span class='ocrx_word' id='word_1_7' title='bbox 320 757 472 816; x_wconf 78' lang='lat' dir='ltr'>amicitiam</span> <span class='ocrx_word' id='word_1_8' title='bbox 486 758 600 816; x_wconf 88' lang='lat' dir='ltr'>tertium</span> <span class='ocrx_word' id='word_1_9' title='bbox 613 757 812 817; x_wconf 84' lang='lat' dir='ltr'>adscriberent.</span> <span class='ocrx_word' id='word_1_10' title='bbox 849 760 923 817; x_wconf 83' lang='lat' dir='ltr'>Oum</span> <span class='ocrx_word' id='word_1_11' title='bbox 934 759 1020 837; x_wconf 84' lang='lat' dir='ltr'>igitur</span> <span class='ocrx_word' id='word_1_12' title='bbox 1029 759 1067 828; x_wconf 94' lang='lat' dir='ltr'>id,</span> <span class='ocrx_word' id='word_1_13' title='bbox 1077 760 1155 836; x_wconf 91' lang='lat' dir='ltr'>quod</span> <span class='ocrx_word' id='word_1_14' title='bbox 1164 761 1232 818; x_wconf 91' lang='lat' dir='ltr'>utile</span> <span class='ocrx_word' id='word_1_15' title='bbox 1249 767 1284 820; x_wconf 81' lang='lat' dir='ltr'>la</span> 
     </span>
     <span class='ocr_line' id='line_1_3' title="bbox 267 847 1232 928; baseline 0 -21"><span class='ocrx_word' id='word_1_16' title='bbox 267 848 384 907; x_wconf 81' lang='lat' dir='ltr'>videtur</span> <span class='ocrx_word' id='word_1_17' title='bbox 396 847 424 905; x_wconf 94' lang='lat' dir='ltr'>in</span> <span class='ocrx_word' id='word_1_18' title='bbox 437 847 567 915; x_wconf 91' lang='lat' dir='ltr'>amicitia,</span> <span class='ocrx_word' id='word_1_19' title='bbox 589 866 654 906; x_wconf 91' lang='lat' dir='ltr'>cum</span> <span class='ocrx_word' id='word_1_20' title='bbox 678 867 721 916; x_wconf 84' lang='lat' dir='ltr'>eo,</span> <span class='ocrx_word' id='word_1_21' title='bbox 742 848 819 925; x_wconf 92' lang='lat' dir='ltr'>quod</span> <span class='ocrx_word' id='word_1_22' title='bbox 841 850 992 908; x_wconf 92' lang='lat' dir='ltr'>honestum</span> <span class='ocrx_word' id='word_1_23' title='bbox 1014 856 1066 918; x_wconf 90' lang='lat' dir='ltr'>est,</span> <span class='ocrx_word' id='word_1_24' title='bbox 1088 868 1232 928; x_wconf 88' lang='lat' dir='ltr'>compara-</span> 
     </span>
     <span class='ocr_line' id='line_1_4' title="bbox 267 937 1283 1016; baseline 0.002 -19"><span class='ocrx_word' id='word_1_25' title='bbox 267 946 325 1007; x_wconf 85' lang='lat' dir='ltr'>tur,</span> <span class='ocrx_word' id='word_1_26' title='bbox 337 938 433 1016; x_wconf 87' lang='lat' dir='ltr'>jaceat</span> <span class='ocrx_word' id='word_1_27' title='bbox 445 937 574 996; x_wconf 76' lang='lat' dir='ltr'>utilitatis</span> <span class='ocrx_word' id='word_1_28' title='bbox 588 939 704 1016; x_wconf 86' lang='lat' dir='ltr'>specics,</span> <span class='ocrx_word' id='word_1_29' title='bbox 716 939 810 996; x_wconf 90' lang='lat' dir='ltr'>valeat</span> <span class='ocrx_word' id='word_1_30' title='bbox 823 939 965 998; x_wconf 89' lang='lat' dir='ltr'>honestas.</span> <span class='ocrx_word' id='word_1_31' title='bbox 1008 940 1082 997; x_wconf 84' lang='lat' dir='ltr'>Oum</span> <span class='ocrx_word' id='word_1_32' title='bbox 1097 947 1191 997; x_wconf 87' lang='lat' dir='ltr'>autem</span> <span class='ocrx_word' id='word_1_33' title='bbox 1205 941 1233 998; x_wconf 90' lang='lat' dir='ltr'>in</span> <span class='ocrx_word' id='word_1_34' title='bbox 1249 947 1283 999; x_wconf 80' lang='grc'>19</span> 
     </span>
     <span class='ocr_line' id='line_1_5' title="bbox 268 1028 1232 1106; baseline 0 -19"><span class='ocrx_word' id='word_1_35' title='bbox 268 1028 400 1095; x_wconf 90' lang='lat' dir='ltr'>amicitia,</span> <span class='ocrx_word' id='word_1_36' title='bbox 410 1045 475 1104; x_wconf 87' lang='lat' dir='ltr'>quae</span> <span class='ocrx_word' id='word_1_37' title='bbox 485 1028 605 1085; x_wconf 88' lang='lat' dir='ltr'>honesta</span> <span class='ocrx_word' id='word_1_38' title='bbox 613 1047 668 1086; x_wconf 90' lang='lat' dir='ltr'>non</span> <span class='ocrx_word' id='word_1_39' title='bbox 680 1035 754 1096; x_wconf 89' lang='lat' dir='ltr'>sunt,</span> <span class='ocrx_word' id='word_1_40' title='bbox 766 1030 994 1105; x_wconf 89' lang='lat' dir='ltr'>postulabuntur,</span> <span class='ocrx_word' id='word_1_41' title='bbox 1008 1029 1106 1106; x_wconf 81' lang='lat' dir='ltr'>religio</span> <span class='ocrx_word' id='word_1_42' title='bbox 1119 1037 1149 1087; x_wconf 94' lang='lat' dir='ltr'>et</span> <span class='ocrx_word' id='word_1_43' title='bbox 1162 1030 1232 1087; x_wconf 90' lang='lat' dir='ltr'>fides</span> 
     </span>
     <span class='ocr_line' id='line_1_6' title="bbox 267 1117 1232 1196; baseline 0.003 -19"><span class='ocrx_word' id='word_1_44' title='bbox 267 1124 460 1196; x_wconf 72' lang='lat' dir='ltr'>anteponatur</span> <span class='ocrx_word' id='word_1_45' title='bbox 479 1117 617 1176; x_wconf 88' lang='lat' dir='ltr'>amicitiae.</span> <span class='ocrx_word' id='word_1_46' title='bbox 658 1118 705 1176; x_wconf 85' lang='lat' dir='ltr'>Sic</span> <span class='ocrx_word' id='word_1_47' title='bbox 725 1119 878 1176; x_wconf 84' lang='lat' dir='ltr'>habebitur</span> <span class='ocrx_word' id='word_1_48' title='bbox 898 1119 930 1186; x_wconf 91' lang='lat' dir='ltr'>is,</span> <span class='ocrx_word' id='word_1_49' title='bbox 946 1137 1031 1195; x_wconf 92' lang='lat' dir='ltr'>quem</span> <span class='ocrx_word' id='word_1_50' title='bbox 1052 1119 1232 1195; x_wconf 80' lang='lat' dir='ltr'>exquirimus.</span> 
     </span>
     <span class='ocr_line' id='line_1_7' title="bbox 267 1207 501 1269; baseline -0.017 0"><span class='ocrx_word' id='word_1_51' title='bbox 267 1210 399 1269; x_wconf 86' lang='lat' dir='ltr'>delectus</span> <span class='ocrx_word' id='word_1_52' title='bbox 412 1207 501 1266; x_wconf 90' lang='lat' dir='ltr'>officii.</span> 
     </span>
    </p>
   </div>
   <div class='ocr_carea' id='block_1_3' title="bbox 250 1386 1360 3979">
    <p class='ocr_par' dir='ltr' id='par_1_3' title="bbox 250 1386 1360 3979">
     <span class='ocr_line' id='line_1_8' title="bbox 307 1386 1230 1466; baseline 0 -20"><span class='ocrx_word' id='word_1_53' title='bbox 307 1389 361 1446; x_wconf 92' lang='lat' dir='ltr'>XI.</span> <span class='ocrx_word' id='word_1_54' title='bbox 383 1387 441 1445; x_wconf 85' lang='lat' dir='ltr'>Sed</span> <span class='ocrx_word' id='word_1_55' title='bbox 455 1386 582 1445; x_wconf 84' lang='lat' dir='ltr'>utilitatis</span> <span class='ocrx_word' id='word_1_56' title='bbox 596 1386 689 1463; x_wconf 90' lang='lat' dir='ltr'>specie</span> <span class='ocrx_word' id='word_1_57' title='bbox 703 1387 738 1444; x_wconf 94' lang='lat' dir='ltr'>in</span> <span class='ocrx_word' id='word_1_58' title='bbox 758 1406 797 1444; x_wconf 90' lang='lat' dir='ltr'>re</span> <span class='ocrx_word' id='word_1_59' title='bbox 819 1388 980 1465; x_wconf 89' lang='lat' dir='ltr'>publica</span> <span class='ocrx_word' id='word_1_60' title='bbox 1000 1387 1155 1465; x_wconf 81' lang='lat' dir='ltr'>saepissime</span> <span class='ocrx_word' id='word_1_61' title='bbox 1166 1407 1230 1466; x_wconf 88' lang='lat' dir='ltr'>pec·</span> 
     </span>
     <span class='ocr_line' id='line_1_9' title="bbox 266 1479 1231 1549; baseline -0.001 -9"><span class='ocrx_word' id='word_1_62' title='bbox 266 1488 358 1549; x_wconf 86' lang='lat' dir='ltr'>catur,</span> <span class='ocrx_word' id='word_1_63' title='bbox 373 1487 406 1538; x_wconf 95' lang='lat' dir='ltr'>ut</span> <span class='ocrx_word' id='word_1_64' title='bbox 418 1480 447 1537; x_wconf 88' lang='lat' dir='ltr'>in</span> <span class='ocrx_word' id='word_1_65' title='bbox 456 1479 583 1538; x_wconf 79' lang='lat' dir='ltr'>Corinthi</span> <span class='ocrx_word' id='word_1_66' title='bbox 593 1480 796 1538; x_wconf 86' lang='lat' dir='ltr'>disturbatione</span> <span class='ocrx_word' id='word_1_67' title='bbox 804 1481 901 1539; x_wconf 84' lang='lat' dir='ltr'>nostri.</span> <span class='ocrx_word' id='word_1_68' title='bbox 930 1481 1036 1539; x_wconf 88' lang='lat' dir='ltr'>Durius</span> <span class='ocrx_word' id='word_1_69' title='bbox 1045 1481 1129 1539; x_wconf 86' lang='lat' dir='ltr'>ctiam</span> <span class='ocrx_word' id='word_1_70' title='bbox 1140 1481 1231 1539; x_wconf 89' lang='lat' dir='ltr'>Athe·</span> 
     </span>
     <span class='ocr_line' id='line_1_10' title="bbox 265 1570 1232 1649; baseline 0 -20"><span class='ocrx_word' id='word_1_71' title='bbox 265 1571 388 1638; x_wconf 88' lang='lat' dir='ltr'>nienses,</span> <span class='ocrx_word' id='word_1_72' title='bbox 402 1570 451 1646; x_wconf 92' lang='lat' dir='ltr'>qui</span> <span class='ocrx_word' id='word_1_73' title='bbox 464 1570 614 1637; x_wconf 83' lang='lat' dir='ltr'>sciverunt,</span> <span class='ocrx_word' id='word_1_74' title='bbox 629 1577 663 1627; x_wconf 92' lang='lat' dir='ltr'>ut</span> <span class='ocrx_word' id='word_1_75' title='bbox 676 1571 829 1648; x_wconf 84' lang='lat' dir='ltr'>AEginetis,</span> <span class='ocrx_word' id='word_1_76' title='bbox 844 1571 893 1647; x_wconf 91' lang='lat' dir='ltr'>qui</span> <span class='ocrx_word' id='word_1_77' title='bbox 911 1571 1000 1629; x_wconf 89' lang='lat' dir='ltr'>classe</span> <span class='ocrx_word' id='word_1_78' title='bbox 1013 1571 1155 1640; x_wconf 87' lang='lat' dir='ltr'>valebant,</span> <span class='ocrx_word' id='word_1_79' title='bbox 1171 1572 1232 1649; x_wconf 92' lang='lat' dir='ltr'>pol·</span> 
     </span>
     <span class='ocr_line' id='line_1_11' title="bbox 265 1660 1264 1738; baseline -0.001 -17"><span class='ocrx_word' id='word_1_80' title='bbox 265 1661 337 1721; x_wconf 89' lang='lat' dir='ltr'>lices</span> <span class='ocrx_word' id='word_1_81' title='bbox 350 1660 578 1738; x_wconf 82' lang='lat' dir='ltr'>praeciderentur.</span> <span class='ocrx_word' id='word_1_82' title='bbox 621 1660 684 1717; x_wconf 89' lang='lat' dir='ltr'>Hoc</span> <span class='ocrx_word' id='word_1_83' title='bbox 698 1661 789 1717; x_wconf 88' lang='lat' dir='ltr'>visum</span> <span class='ocrx_word' id='word_1_84' title='bbox 807 1667 851 1718; x_wconf 92' lang='lat' dir='ltr'>est</span> <span class='ocrx_word' id='word_1_85' title='bbox 865 1661 941 1718; x_wconf 91' lang='lat' dir='ltr'>utile.</span> <span class='ocrx_word' id='word_1_86' title='bbox 982 1661 1074 1718; x_wconf 88' lang='lat' dir='ltr'>Nimis</span> <span class='ocrx_word' id='word_1_87' title='bbox 1088 1662 1162 1719; x_wconf 91' lang='lat' dir='ltr'>enim</span> <span class='ocrx_word' id='word_1_88' title='bbox 1181 1662 1231 1719; x_wconf 90' lang='lat' dir='ltr'>im·</span> <span class='ocrx_word' id='word_1_89' title='bbox 1248 1668 1264 1720; x_wconf 80' lang='grc'><strong>2</strong></span> 
     </span>
     <span class='ocr_line' id='line_1_12' title="bbox 265 1749 1230 1828; baseline -0.001 -19"><span class='ocrx_word' id='word_1_90' title='bbox 265 1750 403 1818; x_wconf 80' lang='lat' dir='ltr'>minabat,</span> <span class='ocrx_word' id='word_1_91' title='bbox 419 1756 536 1828; x_wconf 87' lang='lat' dir='ltr'>propter</span> <span class='ocrx_word' id='word_1_92' title='bbox 549 1749 797 1827; x_wconf 88' lang='lat' dir='ltr'>propinquitatem,</span> <span class='ocrx_word' id='word_1_93' title='bbox 811 1750 918 1828; x_wconf 86' lang='lat' dir='ltr'>AEgina</span> <span class='ocrx_word' id='word_1_94' title='bbox 928 1750 1048 1808; x_wconf 88' lang='lat' dir='ltr'>Piraee0.</span> <span class='ocrx_word' id='word_1_95' title='bbox 1080 1750 1139 1808; x_wconf 85' lang='lat' dir='ltr'>Sed</span> <span class='ocrx_word' id='word_1_96' title='bbox 1153 1751 1230 1818; x_wconf 88' lang='lat' dir='ltr'>nihil,</span> 
     </span>
     <span class='ocr_line' id='line_1_13' title="bbox 265 1839 1233 1919; baseline 0 -21"><span class='ocrx_word' id='word_1_97' title='bbox 265 1840 347 1919; x_wconf 92' lang='lat' dir='ltr'>quod</span> <span class='ocrx_word' id='word_1_98' title='bbox 361 1839 484 1907; x_wconf 90' lang='lat' dir='ltr'>crudele,</span> <span class='ocrx_word' id='word_1_99' title='bbox 498 1839 576 1896; x_wconf 85' lang='lat' dir='ltr'>utile.</span> <span class='ocrx_word' id='word_1_100' title='bbox 617 1839 670 1896; x_wconf 89' lang='lat' dir='ltr'>Est</span> <span class='ocrx_word' id='word_1_101' title='bbox 683 1839 757 1896; x_wconf 92' lang='lat' dir='ltr'>enim</span> <span class='ocrx_word' id='word_1_102' title='bbox 770 1839 917 1896; x_wconf 89' lang='lat' dir='ltr'>hominum</span> <span class='ocrx_word' id='word_1_103' title='bbox 930 1846 1047 1906; x_wconf 81' lang='lat' dir='ltr'>naturae,</span> <span class='ocrx_word' id='word_1_104' title='bbox 1057 1858 1143 1917; x_wconf 87' lang='lat' dir='ltr'>quam</span> <span class='ocrx_word' id='word_1_105' title='bbox 1154 1841 1233 1917; x_wconf 89' lang='lat' dir='ltr'>sequi</span> 
     </span>
     <span class='ocr_line' id='line_1_14' title="bbox 266 1928 1264 2006; baseline -0.003 -16"><span class='ocrx_word' id='word_1_106' title='bbox 266 1931 415 1997; x_wconf 88' lang='lat' dir='ltr'>debemus,</span> <span class='ocrx_word' id='word_1_107' title='bbox 429 1928 550 1986; x_wconf 86' lang='lat' dir='ltr'>maxime</span> <span class='ocrx_word' id='word_1_108' title='bbox 563 1929 674 1986; x_wconf 88' lang='lat' dir='ltr'>inimica</span> <span class='ocrx_word' id='word_1_109' title='bbox 687 1928 847 1987; x_wconf 89' lang='lat' dir='ltr'>crudelitas.</span> <span class='ocrx_word' id='word_1_110' title='bbox 888 1929 964 1986; x_wconf 91' lang='lat' dir='ltr'>Male</span> <span class='ocrx_word' id='word_1_111' title='bbox 986 1929 1070 1987; x_wconf 86' lang='lat' dir='ltr'>etiam</span> <span class='ocrx_word' id='word_1_112' title='bbox 1090 1929 1139 2006; x_wconf 93' lang='lat' dir='ltr'>qui</span> <span class='ocrx_word' id='word_1_113' title='bbox 1152 1947 1232 2006; x_wconf 89' lang='lat' dir='ltr'>pere·</span> <span class='ocrx_word' id='word_1_114' title='bbox 1247 1937 1264 1987; x_wconf 88' lang='grc'>3</span> 
     </span>
     <span class='ocr_line' id='line_1_15' title="bbox 250 2018 1232 2100; baseline -0.002 -22"><span class='ocrx_word' id='word_1_115' title='bbox 250 2020 364 2100; x_wconf 87' lang='lat' dir='ltr'>&#39;grinos</span> <span class='ocrx_word' id='word_1_116' title='bbox 377 2019 495 2076; x_wconf 92' lang='lat' dir='ltr'>urbibus</span> <span class='ocrx_word' id='word_1_117' title='bbox 508 2018 551 2075; x_wconf 91' lang='lat' dir='ltr'>uti</span> <span class='ocrx_word' id='word_1_118' title='bbox 565 2018 725 2095; x_wconf 88' lang='lat' dir='ltr'>prohibent,</span> <span class='ocrx_word' id='word_1_119' title='bbox 740 2037 845 2096; x_wconf 88' lang='lat' dir='ltr'>cosque</span> <span class='ocrx_word' id='word_1_120' title='bbox 859 2019 1053 2086; x_wconf 88' lang='lat' dir='ltr'>exterminant,</span> <span class='ocrx_word' id='word_1_121' title='bbox 1068 2025 1101 2076; x_wconf 93' lang='lat' dir='ltr'>ut</span> <span class='ocrx_word' id='word_1_122' title='bbox 1117 2019 1232 2076; x_wconf 83' lang='lat' dir='ltr'>Pennus</span> 
     </span>
     <span class='ocr_line' id='line_1_16' title="bbox 266 2109 1261 2188; baseline -0.001 -20"><span class='ocrx_word' id='word_1_123' title='bbox 266 2109 348 2188; x_wconf 90' lang='lat' dir='ltr'>apud</span> <span class='ocrx_word' id='word_1_124' title='bbox 361 2116 458 2187; x_wconf 90' lang='lat' dir='ltr'>patres</span> <span class='ocrx_word' id='word_1_125' title='bbox 471 2115 592 2176; x_wconf 89' lang='lat' dir='ltr'>nostros,</span> <span class='ocrx_word' id='word_1_126' title='bbox 607 2109 715 2185; x_wconf 89' lang='lat' dir='ltr'>Papius</span> <span class='ocrx_word' id='word_1_127' title='bbox 728 2127 828 2186; x_wconf 89' lang='lat' dir='ltr'>nuper.</span> <span class='ocrx_word' id='word_1_128' title='bbox 869 2109 946 2165; x_wconf 86' lang='lat' dir='ltr'>Nam</span> <span class='ocrx_word' id='word_1_129' title='bbox 959 2127 1020 2167; x_wconf 89' lang='lat' dir='ltr'>esse</span> <span class='ocrx_word' id='word_1_130' title='bbox 1034 2129 1086 2186; x_wconf 92' lang='lat' dir='ltr'>pro</span> <span class='ocrx_word' id='word_1_131' title='bbox 1101 2109 1169 2177; x_wconf 86' lang='lat' dir='ltr'>cive,</span> <span class='ocrx_word' id='word_1_132' title='bbox 1185 2109 1233 2186; x_wconf 89' lang='lat' dir='ltr'>qui</span> <span class='ocrx_word' id='word_1_133' title='bbox 1247 2115 1261 2166; x_wconf 84' lang='grc'><strong><em>4</em></strong></span> 
     </span>
     <span class='ocr_line' id='line_1_17' title="bbox 267 2199 1233 2277; baseline -0.002 -19"><span class='ocrx_word' id='word_1_134' title='bbox 267 2200 337 2258; x_wconf 88' lang='lat' dir='ltr'>civis</span> <span class='ocrx_word' id='word_1_135' title='bbox 355 2218 412 2257; x_wconf 92' lang='lat' dir='ltr'>non</span> <span class='ocrx_word' id='word_1_136' title='bbox 432 2199 476 2267; x_wconf 88' lang='lat' dir='ltr'>sit,</span> <span class='ocrx_word' id='word_1_137' title='bbox 491 2205 602 2256; x_wconf 90' lang='lat' dir='ltr'>rectum</span> <span class='ocrx_word' id='word_1_138' title='bbox 622 2206 666 2256; x_wconf 90' lang='lat' dir='ltr'>est</span> <span class='ocrx_word' id='word_1_139' title='bbox 686 2218 743 2256; x_wconf 93' lang='lat' dir='ltr'>non</span> <span class='ocrx_word' id='word_1_140' title='bbox 763 2199 863 2256; x_wconf 89' lang='lat' dir='ltr'>licere:</span> <span class='ocrx_word' id='word_1_141' title='bbox 885 2217 971 2275; x_wconf 88' lang='lat' dir='ltr'>quam</span> <span class='ocrx_word' id='word_1_142' title='bbox 993 2199 1087 2277; x_wconf 77' lang='lat' dir='ltr'>legem</span> <span class='ocrx_word' id='word_1_143' title='bbox 1107 2199 1233 2257; x_wconf 90' lang='lat' dir='ltr'>tulerunt</span> 
     </span>
     <span class='ocr_line' id='line_1_18' title="bbox 266 2288 1232 2368; baseline -0.003 -20"><span class='ocrx_word' id='word_1_144' title='bbox 266 2289 463 2368; x_wconf 86' lang='lat' dir='ltr'>sapientissimi</span> <span class='ocrx_word' id='word_1_145' title='bbox 485 2290 614 2346; x_wconf 90' lang='lat' dir='ltr'>consules</span> <span class='ocrx_word' id='word_1_146' title='bbox 638 2289 759 2346; x_wconf 71' lang='lat' dir='ltr'>Crassus</span> <span class='ocrx_word' id='word_1_147' title='bbox 780 2295 810 2346; x_wconf 92' lang='lat' dir='ltr'>et</span> <span class='ocrx_word' id='word_1_148' title='bbox 831 2288 976 2347; x_wconf 78' lang='lat' dir='ltr'>Scaevola:</span> <span class='ocrx_word' id='word_1_149' title='bbox 998 2308 1052 2345; x_wconf 90' lang='lat' dir='ltr'>usu</span> <span class='ocrx_word' id='word_1_150' title='bbox 1067 2307 1134 2346; x_wconf 90' lang='lat' dir='ltr'>vero</span> <span class='ocrx_word' id='word_1_151' title='bbox 1155 2289 1232 2347; x_wconf 92' lang='lat' dir='ltr'>urbis</span> 
     </span>
     <span class='ocr_line' id='line_1_19' title="bbox 267 2378 1263 2460; baseline 0.001 -22"><span class='ocrx_word' id='word_1_152' title='bbox 267 2379 418 2460; x_wconf 83' lang='lat' dir='ltr'>prohibere</span> <span class='ocrx_word' id='word_1_153' title='bbox 432 2379 595 2458; x_wconf 82' lang='lat' dir='ltr'>peregrinos</span> <span class='ocrx_word' id='word_1_154' title='bbox 609 2397 676 2436; x_wconf 87' lang='lat' dir='ltr'>sane</span> <span class='ocrx_word' id='word_1_155' title='bbox 689 2378 874 2437; x_wconf 90' lang='lat' dir='ltr'>inhumanum</span> <span class='ocrx_word' id='word_1_156' title='bbox 888 2386 939 2437; x_wconf 89' lang='lat' dir='ltr'>est.</span> <span class='ocrx_word' id='word_1_157' title='bbox 981 2378 1036 2437; x_wconf 88' lang='lat' dir='ltr'>Illa</span> <span class='ocrx_word' id='word_1_158' title='bbox 1049 2379 1194 2456; x_wconf 86' lang='lat' dir='ltr'>praeclara,</span> <span class='ocrx_word' id='word_1_159' title='bbox 1205 2379 1233 2436; x_wconf 92' lang='lat' dir='ltr'>in</span> <span class='ocrx_word' id='word_1_160' title='bbox 1248 2388 1263 2439; x_wconf 81' lang='lat'><strong>5</strong></span> 
     </span>
     <span class='ocr_line' id='line_1_20' title="bbox 266 2469 1229 2547; baseline 0 -19"><span class='ocrx_word' id='word_1_161' title='bbox 266 2470 373 2547; x_wconf 92' lang='lat' dir='ltr'>quibus</span> <span class='ocrx_word' id='word_1_162' title='bbox 392 2469 514 2547; x_wconf 89' lang='lat' dir='ltr'>publicae</span> <span class='ocrx_word' id='word_1_163' title='bbox 527 2469 655 2526; x_wconf 87' lang='lat' dir='ltr'>utilitatis</span> <span class='ocrx_word' id='word_1_164' title='bbox 674 2469 784 2546; x_wconf 89' lang='lat' dir='ltr'>species</span> <span class='ocrx_word' id='word_1_165' title='bbox 798 2488 859 2546; x_wconf 87' lang='lat' dir='ltr'>prae</span> <span class='ocrx_word' id='word_1_166' title='bbox 872 2469 1019 2527; x_wconf 89' lang='lat' dir='ltr'>honestate</span> <span class='ocrx_word' id='word_1_167' title='bbox 1034 2470 1187 2527; x_wconf 85' lang='lat' dir='ltr'>contemnit</span> <span class='ocrx_word' id='word_1_168' title='bbox 1223 2516 1229 2528; x_wconf 91' lang='lat'><strong>.</strong></span> 
     </span>
     <span class='ocr_line' id='line_1_21' title="bbox 266 2559 1263 2636; baseline -0.002 -17"><span class='ocrx_word' id='word_1_169' title='bbox 266 2561 358 2620; x_wconf 88' lang='lat' dir='ltr'>Plena</span> <span class='ocrx_word' id='word_1_170' title='bbox 378 2559 573 2635; x_wconf 89' lang='lat' dir='ltr'>exemplorum</span> <span class='ocrx_word' id='word_1_171' title='bbox 595 2566 638 2616; x_wconf 89' lang='lat' dir='ltr'>cst</span> <span class='ocrx_word' id='word_1_172' title='bbox 657 2567 755 2617; x_wconf 88' lang='lat' dir='ltr'>nostra</span> <span class='ocrx_word' id='word_1_173' title='bbox 775 2578 821 2616; x_wconf 88' lang='lat' dir='ltr'>rcs</span> <span class='ocrx_word' id='word_1_174' title='bbox 844 2559 965 2636; x_wconf 89' lang='lat' dir='ltr'>publica,</span> <span class='ocrx_word' id='word_1_175' title='bbox 982 2579 1048 2617; x_wconf 92' lang='lat' dir='ltr'>cum</span> <span class='ocrx_word' id='word_1_176' title='bbox 1068 2578 1153 2636; x_wconf 89' lang='lat' dir='ltr'>saepe,</span> <span class='ocrx_word' id='word_1_177' title='bbox 1169 2566 1263 2617; x_wconf 78' lang='lat' dir='ltr'>tumt</span> 
     </span>
     <span class='ocr_line' id='line_1_22' title="bbox 266 2649 1232 2726; baseline -0.003 -18"><span class='ocrx_word' id='word_1_178' title='bbox 266 2650 389 2708; x_wconf 84' lang='lat' dir='ltr'>maxime</span> <span class='ocrx_word' id='word_1_179' title='bbox 412 2649 488 2708; x_wconf 92' lang='lat' dir='ltr'>bello</span> <span class='ocrx_word' id='word_1_180' title='bbox 510 2649 618 2707; x_wconf 91' lang='lat' dir='ltr'>Punico</span> <span class='ocrx_word' id='word_1_181' title='bbox 643 2649 785 2706; x_wconf 89' lang='lat' dir='ltr'>secundo:</span> <span class='ocrx_word' id='word_1_182' title='bbox 807 2668 880 2726; x_wconf 86' lang='lat' dir='ltr'>quae,</span> <span class='ocrx_word' id='word_1_183' title='bbox 906 2649 1048 2706; x_wconf 82' lang='lat' dir='ltr'>Oannensi</span> <span class='ocrx_word' id='word_1_184' title='bbox 1072 2649 1232 2707; x_wconf 84' lang='lat' dir='ltr'>calamitate</span> 
     </span>
     <span class='ocr_line' id='line_1_23' title="bbox 266 2739 1233 2817; baseline -0.003 -19"><span class='ocrx_word' id='word_1_185' title='bbox 266 2746 396 2817; x_wconf 87' lang='lat' dir='ltr'>accepta,</span> <span class='ocrx_word' id='word_1_186' title='bbox 410 2739 532 2817; x_wconf 90' lang='lat' dir='ltr'>majores</span> <span class='ocrx_word' id='word_1_187' title='bbox 547 2739 654 2796; x_wconf 91' lang='lat' dir='ltr'>animos</span> <span class='ocrx_word' id='word_1_188' title='bbox 668 2739 776 2806; x_wconf 89' lang='lat' dir='ltr'>habuit,</span> <span class='ocrx_word' id='word_1_189' title='bbox 790 2758 877 2815; x_wconf 91' lang='lat' dir='ltr'>quam</span> <span class='ocrx_word' id='word_1_190' title='bbox 890 2758 1016 2815; x_wconf 88' lang='lat' dir='ltr'>unquam</span> <span class='ocrx_word' id='word_1_191' title='bbox 1029 2740 1115 2797; x_wconf 89' lang='lat' dir='ltr'>rebus</span> <span class='ocrx_word' id='word_1_192' title='bbox 1135 2758 1233 2797; x_wconf 89' lang='lat' dir='ltr'>secun·</span> 
     </span>
     <span class='ocr_line' id='line_1_24' title="bbox 266 2828 1264 2906; baseline -0.001 -19"><span class='ocrx_word' id='word_1_193' title='bbox 266 2829 326 2887; x_wconf 85' lang='lat' dir='ltr'>dis:</span> <span class='ocrx_word' id='word_1_194' title='bbox 358 2829 388 2886; x_wconf 88' lang='lat' dir='ltr'>N</span> <span class='ocrx_word' id='word_1_195' title='bbox 389 2829 447 2886; x_wconf 88' lang='lat' dir='ltr'>ulla</span> <span class='ocrx_word' id='word_1_196' title='bbox 459 2828 566 2886; x_wconf 90' lang='lat' dir='ltr'>timoris</span> <span class='ocrx_word' id='word_1_197' title='bbox 581 2828 757 2906; x_wconf 86' lang='lat' dir='ltr'>significatio,</span> <span class='ocrx_word' id='word_1_198' title='bbox 766 2829 845 2886; x_wconf 89' lang='lat' dir='ltr'>nulla</span> <span class='ocrx_word' id='word_1_199' title='bbox 858 2829 963 2886; x_wconf 92' lang='lat' dir='ltr'>mentio</span> <span class='ocrx_word' id='word_1_200' title='bbox 971 2828 1057 2906; x_wconf 79' lang='lat' dir='ltr'>pacis</span> <span class='ocrx_word' id='word_1_201' title='bbox 1093 2828 1182 2885; x_wconf 84' lang='lat' dir='ltr'>Tanta</span> <span class='ocrx_word' id='word_1_202' title='bbox 1192 2828 1234 2885; x_wconf 83' lang='lat' dir='ltr'>vis</span> <span class='ocrx_word' id='word_1_203' title='bbox 1249 2828 1264 2886; x_wconf 74' lang='lat' dir='ltr'>&#39;l</span> 
     </span>
     <span class='ocr_line' id='line_1_25' title="bbox 266 2918 1266 2996; baseline 0.001 -20"><span class='ocrx_word' id='word_1_204' title='bbox 266 2925 313 2977; x_wconf 91' lang='lat' dir='ltr'>est</span> <span class='ocrx_word' id='word_1_205' title='bbox 326 2918 445 2987; x_wconf 88' lang='lat' dir='ltr'>honesti,</span> <span class='ocrx_word' id='word_1_206' title='bbox 461 2926 495 2976; x_wconf 94' lang='lat' dir='ltr'>ut</span> <span class='ocrx_word' id='word_1_207' title='bbox 508 2919 632 2996; x_wconf 87' lang='lat' dir='ltr'>speciem</span> <span class='ocrx_word' id='word_1_208' title='bbox 642 2919 770 2976; x_wconf 90' lang='lat' dir='ltr'>utilitatis</span> <span class='ocrx_word' id='word_1_209' title='bbox 782 2920 923 2977; x_wconf 89' lang='lat' dir='ltr'>obscuret.</span> <span class='ocrx_word' id='word_1_210' title='bbox 965 2918 1154 2975; x_wconf 84' lang='lat' dir='ltr'>Athenienses</span> <span class='ocrx_word' id='word_1_211' title='bbox 1168 2937 1233 2975; x_wconf 93' lang='lat' dir='ltr'>cum</span> <span class='ocrx_word' id='word_1_212' title='bbox 1248 2925 1266 2977; x_wconf 88' lang='lat'>8</span> 
     </span>
     <span class='ocr_line' id='line_1_26' title="bbox 266 3007 1233 3086; baseline -0.003 -19"><span class='ocrx_word' id='word_1_213' title='bbox 266 3009 422 3068; x_wconf 88' lang='lat' dir='ltr'>Persarum</span> <span class='ocrx_word' id='word_1_214' title='bbox 434 3007 574 3086; x_wconf 87' lang='lat' dir='ltr'>impetum</span> <span class='ocrx_word' id='word_1_215' title='bbox 587 3009 665 3066; x_wconf 91' lang='lat' dir='ltr'>nullo</span> <span class='ocrx_word' id='word_1_216' title='bbox 679 3009 765 3066; x_wconf 93' lang='lat' dir='ltr'>modo</span> <span class='ocrx_word' id='word_1_217' title='bbox 776 3015 894 3085; x_wconf 89' lang='lat' dir='ltr'>possent</span> <span class='ocrx_word' id='word_1_218' title='bbox 907 3008 1052 3076; x_wconf 88' lang='lat' dir='ltr'>sustinere,</span> <span class='ocrx_word' id='word_1_219' title='bbox 1065 3014 1233 3065; x_wconf 87' lang='lat' dir='ltr'>statuerent·</span> 
     </span>
     <span class='ocr_line' id='line_1_27' title="bbox 267 3097 1233 3177; baseline -0.001 -21"><span class='ocrx_word' id='word_1_220' title='bbox 267 3118 334 3175; x_wconf 86' lang='lat' dir='ltr'>que,</span> <span class='ocrx_word' id='word_1_221' title='bbox 349 3106 382 3156; x_wconf 92' lang='lat' dir='ltr'>ut</span> <span class='ocrx_word' id='word_1_222' title='bbox 394 3100 465 3157; x_wconf 87' lang='lat' dir='ltr'>urbe</span> <span class='ocrx_word' id='word_1_223' title='bbox 478 3098 585 3165; x_wconf 87' lang='lat' dir='ltr'>relicta,</span> <span class='ocrx_word' id='word_1_224' title='bbox 600 3099 771 3177; x_wconf 85' lang='lat' dir='ltr'>conjugibus</span> <span class='ocrx_word' id='word_1_225' title='bbox 785 3106 815 3155; x_wconf 91' lang='lat' dir='ltr'>et</span> <span class='ocrx_word' id='word_1_226' title='bbox 829 3098 923 3155; x_wconf 89' lang='lat' dir='ltr'>liberis</span> <span class='ocrx_word' id='word_1_227' title='bbox 938 3098 1074 3155; x_wconf 85' lang='lat' dir='ltr'>Troezene</span> <span class='ocrx_word' id='word_1_228' title='bbox 1088 3097 1233 3174; x_wconf 89' lang='lat' dir='ltr'>depositis,</span> 
     </span>
     <span class='ocr_line' id='line_1_28' title="bbox 266 3187 1233 3265; baseline 0 -20"><span class='ocrx_word' id='word_1_229' title='bbox 266 3206 356 3246; x_wconf 86' lang='lat' dir='ltr'>naves</span> <span class='ocrx_word' id='word_1_230' title='bbox 370 3188 599 3256; x_wconf 88' lang='lat' dir='ltr'>conscenderent,</span> <span class='ocrx_word' id='word_1_231' title='bbox 613 3188 831 3265; x_wconf 87' lang='lat' dir='ltr'>libertatemque</span> <span class='ocrx_word' id='word_1_232' title='bbox 848 3187 968 3245; x_wconf 85' lang='lat' dir='ltr'>Graeciae</span> <span class='ocrx_word' id='word_1_233' title='bbox 988 3188 1078 3244; x_wconf 90' lang='lat' dir='ltr'>classe</span> <span class='ocrx_word' id='word_1_234' title='bbox 1099 3187 1233 3245; x_wconf 85' lang='lat' dir='ltr'>defende-</span> 
     </span>
     <span class='ocr_line' id='line_1_29' title="bbox 267 3277 1234 3355; baseline -0.003 -19"><span class='ocrx_word' id='word_1_235' title='bbox 267 3284 351 3345; x_wconf 88' lang='lat' dir='ltr'>rent;</span> <span class='ocrx_word' id='word_1_236' title='bbox 374 3278 516 3355; x_wconf 78' lang='lat' dir='ltr'>Cyrsilum</span> <span class='ocrx_word' id='word_1_237' title='bbox 529 3278 684 3355; x_wconf 90' lang='lat' dir='ltr'>quemdam</span> <span class='ocrx_word' id='word_1_238' title='bbox 699 3278 876 3344; x_wconf 86' lang='lat' dir='ltr'>suadentem,</span> <span class='ocrx_word' id='word_1_239' title='bbox 891 3283 924 3333; x_wconf 93' lang='lat' dir='ltr'>ut</span> <span class='ocrx_word' id='word_1_240' title='bbox 937 3277 966 3333; x_wconf 92' lang='lat' dir='ltr'>in</span> <span class='ocrx_word' id='word_1_241' title='bbox 986 3277 1057 3334; x_wconf 90' lang='lat' dir='ltr'>urbe</span> <span class='ocrx_word' id='word_1_242' title='bbox 1078 3284 1234 3344; x_wconf 86' lang='lat' dir='ltr'>manerent,</span> 
     </span>
     <span class='ocr_line' id='line_1_30' title="bbox 268 3365 1266 3445; baseline -0.003 -18"><span class='ocrx_word' id='word_1_243' title='bbox 268 3369 450 3445; x_wconf 87' lang='lat' dir='ltr'>Xerxemque</span> <span class='ocrx_word' id='word_1_244' title='bbox 469 3368 635 3445; x_wconf 88' lang='lat' dir='ltr'>reciperent,</span> <span class='ocrx_word' id='word_1_245' title='bbox 656 3367 797 3445; x_wconf 88' lang='lat' dir='ltr'>lapidibus</span> <span class='ocrx_word' id='word_1_246' title='bbox 818 3372 1033 3444; x_wconf 86' lang='lat' dir='ltr'>cooperuerunt.</span> <span class='ocrx_word' id='word_1_247' title='bbox 1075 3365 1167 3441; x_wconf 91' lang='lat' dir='ltr'>Atqui</span> <span class='ocrx_word' id='word_1_248' title='bbox 1187 3367 1266 3424; x_wconf 89' lang='lat' dir='ltr'>ille9</span> 
     </span>
     <span class='ocr_line' id='line_1_31' title="bbox 268 3456 1235 3534; baseline -0.002 -19"><span class='ocrx_word' id='word_1_249' title='bbox 268 3458 421 3516; x_wconf 90' lang='lat' dir='ltr'>utilitatem</span> <span class='ocrx_word' id='word_1_250' title='bbox 435 3458 514 3534; x_wconf 90' lang='lat' dir='ltr'>sequi</span> <span class='ocrx_word' id='word_1_251' title='bbox 527 3457 695 3516; x_wconf 91' lang='lat' dir='ltr'>videbatur:</span> <span class='ocrx_word' id='word_1_252' title='bbox 717 3457 769 3515; x_wconf 89' lang='lat' dir='ltr'>sed</span> <span class='ocrx_word' id='word_1_253' title='bbox 782 3476 817 3515; x_wconf 93' lang='lat' dir='ltr'>ea</span> <span class='ocrx_word' id='word_1_254' title='bbox 830 3457 908 3513; x_wconf 87' lang='lat' dir='ltr'>nulla</span> <span class='ocrx_word' id='word_1_255' title='bbox 922 3463 982 3513; x_wconf 89' lang='lat' dir='ltr'>erat</span> <span class='ocrx_word' id='word_1_256' title='bbox 995 3462 1171 3532; x_wconf 82' lang='lat' dir='ltr'>repugnante</span> <span class='ocrx_word' id='word_1_257' title='bbox 1185 3456 1235 3513; x_wconf 92' lang='lat' dir='ltr'>ho·</span> 
     </span>
     <span class='ocr_line' id='line_1_32' title="bbox 268 3545 1287 3624; baseline -0.002 -19"><span class='ocrx_word' id='word_1_258' title='bbox 268 3554 389 3606; x_wconf 83' lang='lat' dir='ltr'>nostate</span> <span class='ocrx_word' id='word_1_259' title='bbox 430 3548 634 3605; x_wconf 82' lang='lat' dir='ltr'>Themistocles</span> <span class='ocrx_word' id='word_1_260' title='bbox 648 3554 715 3624; x_wconf 92' lang='lat' dir='ltr'>post</span> <span class='ocrx_word' id='word_1_261' title='bbox 728 3546 875 3604; x_wconf 84' lang='lat' dir='ltr'>victoriam</span> <span class='ocrx_word' id='word_1_262' title='bbox 895 3546 957 3624; x_wconf 86' lang='lat' dir='ltr'>cjus</span> <span class='ocrx_word' id='word_1_263' title='bbox 979 3545 1055 3611; x_wconf 90' lang='lat' dir='ltr'>belli,</span> <span class='ocrx_word' id='word_1_264' title='bbox 1072 3545 1150 3621; x_wconf 93' lang='lat' dir='ltr'>quod</span> <span class='ocrx_word' id='word_1_265' title='bbox 1171 3564 1236 3602; x_wconf 92' lang='lat' dir='ltr'>cum</span> <span class='ocrx_word' id='word_1_266' title='bbox 1252 3552 1287 3603; x_wconf 82' lang='lat' dir='ltr'>lt]</span> 
     </span>
     <span class='ocr_line' id='line_1_33' title="bbox 268 3633 1236 3712; baseline -0.002 -17"><span class='ocrx_word' id='word_1_267' title='bbox 268 3637 367 3696; x_wconf 89' lang='lat' dir='ltr'>Persis</span> <span class='ocrx_word' id='word_1_268' title='bbox 379 3637 420 3694; x_wconf 85' lang='lat' dir='ltr'>fur</span> <span class='ocrx_word' id='word_1_269' title='bbox 434 3681 441 3705; x_wconf 93' lang='lat'>,</span> <span class='ocrx_word' id='word_1_270' title='bbox 457 3637 527 3695; x_wconf 87' lang='lat' dir='ltr'>dixit</span> <span class='ocrx_word' id='word_1_271' title='bbox 540 3637 568 3694; x_wconf 90' lang='lat' dir='ltr'>in</span> <span class='ocrx_word' id='word_1_272' title='bbox 583 3637 725 3704; x_wconf 88' lang='lat' dir='ltr'>concione,</span> <span class='ocrx_word' id='word_1_273' title='bbox 745 3655 777 3693; x_wconf 88' lang='lat' dir='ltr'>sc</span> <span class='ocrx_word' id='word_1_274' title='bbox 797 3636 903 3693; x_wconf 86' lang='lat' dir='ltr'>habere</span> <span class='ocrx_word' id='word_1_275' title='bbox 926 3633 1071 3693; x_wconf 89' lang='lat' dir='ltr'>consilium</span> <span class='ocrx_word' id='word_1_276' title='bbox 1091 3634 1132 3691; x_wconf 90' lang='lat' dir='ltr'>rei</span> <span class='ocrx_word' id='word_1_277' title='bbox 1146 3635 1236 3712; x_wconf 93' lang='lat' dir='ltr'>publi·</span> 
     </span>
     <span class='ocr_line' id='line_1_34' title="bbox 269 3723 1237 3803; baseline -0.004 -18"><span class='ocrx_word' id='word_1_278' title='bbox 269 3745 315 3785; x_wconf 83' lang='lat' dir='ltr'>cae</span> <span class='ocrx_word' id='word_1_279' title='bbox 330 3727 462 3795; x_wconf 87' lang='lat' dir='ltr'>salutare,</span> <span class='ocrx_word' id='word_1_280' title='bbox 477 3727 528 3785; x_wconf 89' lang='lat' dir='ltr'>sed</span> <span class='ocrx_word' id='word_1_281' title='bbox 541 3727 571 3784; x_wconf 89' lang='lat' dir='ltr'>id</span> <span class='ocrx_word' id='word_1_282' title='bbox 585 3726 649 3784; x_wconf 89' lang='lat' dir='ltr'>sciri</span> <span class='ocrx_word' id='word_1_283' title='bbox 670 3745 727 3784; x_wconf 91' lang='lat' dir='ltr'>non</span> <span class='ocrx_word' id='word_1_284' title='bbox 746 3744 820 3803; x_wconf 92' lang='lat' dir='ltr'>opus</span> <span class='ocrx_word' id='word_1_285' title='bbox 844 3744 914 3782; x_wconf 90' lang='lat' dir='ltr'>esse.</span> <span class='ocrx_word' id='word_1_286' title='bbox 955 3723 1122 3791; x_wconf 87' lang='lat' dir='ltr'>Postulavit,</span> <span class='ocrx_word' id='word_1_287' title='bbox 1136 3730 1170 3781; x_wconf 94' lang='lat' dir='ltr'>ut</span> <span class='ocrx_word' id='word_1_288' title='bbox 1189 3724 1237 3781; x_wconf 86' lang='lat' dir='ltr'>ali-</span> 
     </span>
     <span class='ocr_line' id='line_1_35' title="bbox 269 3814 1286 3894; baseline -0.003 -21"><span class='ocrx_word' id='word_1_289' title='bbox 269 3834 358 3894; x_wconf 89' lang='lat' dir='ltr'>quem</span> <span class='ocrx_word' id='word_1_290' title='bbox 372 3816 496 3893; x_wconf 88' lang='lat' dir='ltr'>populus</span> <span class='ocrx_word' id='word_1_291' title='bbox 509 3817 599 3884; x_wconf 90' lang='lat' dir='ltr'>daret,</span> <span class='ocrx_word' id='word_1_292' title='bbox 614 3816 729 3892; x_wconf 90' lang='lat' dir='ltr'>quicum</span> <span class='ocrx_word' id='word_1_293' title='bbox 743 3815 970 3873; x_wconf 89' lang='lat' dir='ltr'>communicaret.</span> <span class='ocrx_word' id='word_1_294' title='bbox 1006 3814 1100 3872; x_wconf 89' lang='lat' dir='ltr'>Datus</span> <span class='ocrx_word' id='word_1_295' title='bbox 1115 3821 1158 3871; x_wconf 89' lang='lat' dir='ltr'>est</span> <span class='ocrx_word' id='word_1_296' title='bbox 1172 3814 1236 3871; x_wconf 91' lang='lat' dir='ltr'>Ari·</span> <span class='ocrx_word' id='word_1_297' title='bbox 1253 3818 1286 3871; x_wconf 85' lang='lat'>11</span> 
     </span>
     <span class='ocr_line' id='line_1_36' title="bbox 269 3902 1360 3979; baseline -0.006 -14"><span class='ocrx_word' id='word_1_298' title='bbox 269 3905 369 3965; x_wconf 87' lang='lat' dir='ltr'>stides.</span> <span class='ocrx_word' id='word_1_299' title='bbox 410 3906 484 3965; x_wconf 89' lang='lat' dir='ltr'>Huic</span> <span class='ocrx_word' id='word_1_300' title='bbox 498 3906 553 3973; x_wconf 90' lang='lat' dir='ltr'>ille,</span> <span class='ocrx_word' id='word_1_301' title='bbox 569 3906 689 3964; x_wconf 90' lang='lat' dir='ltr'>classem</span> <span class='ocrx_word' id='word_1_302' title='bbox 703 3903 995 3970; x_wconf 81' lang='lat' dir='ltr'>Lacedaemoniorum,</span> <span class='ocrx_word' id='word_1_303' title='bbox 1010 3921 1075 3979; x_wconf 87' lang='lat' dir='ltr'>quae</span> <span class='ocrx_word' id='word_1_304' title='bbox 1095 3902 1239 3960; x_wconf 89' lang='lat' dir='ltr'>subducta</span> <span class='ocrx_word' id='word_1_305' title='bbox 1352 3919 1360 3932; x_wconf 80' lang='grc'><em>·</em></span> 
     </span>
    </p>
   </div>
   <div class='ocr_carea' id='block_1_4' title="bbox 270 3967 1238 4072">
    <p class='ocr_par' dir='ltr' id='par_1_4' title="bbox 270 3967 1238 4072">
     <span class='ocr_line' id='line_1_37' title="bbox 270 3967 1238 4072; baseline -0.006 -17"><span class='ocrx_word' id='word_1_306' title='bbox 270 4002 350 4055; x_wconf 79' lang='lat' dir='ltr'>esset</span> <span class='ocrx_word' id='word_1_307' title='bbox 363 3994 400 4053; x_wconf 85' lang='lat' dir='ltr'>ad</span> <span class='ocrx_word' id='word_1_308' title='bbox 416 3995 572 4072; x_wconf 88' lang='lat' dir='ltr'>Gytheum,</span> <span class='ocrx_word' id='word_1_309' title='bbox 584 3996 658 4054; x_wconf 84' lang='lat' dir='ltr'>clam</span> <span class='ocrx_word' id='word_1_310' title='bbox 671 3994 781 4053; x_wconf 90' lang='lat' dir='ltr'>incendi</span> <span class='ocrx_word' id='word_1_311' title='bbox 795 4012 896 4071; x_wconf 91' lang='lat' dir='ltr'>posse:</span> <span class='ocrx_word' id='word_1_312' title='bbox 918 4012 975 4070; x_wconf 91' lang='lat' dir='ltr'>quo</span> <span class='ocrx_word' id='word_1_313' title='bbox 988 3993 1064 4049; x_wconf 89' lang='lat' dir='ltr'>facto</span> <span class='ocrx_word' id='word_1_314' title='bbox 1078 3967 1171 4069; x_wconf 64' lang='lat' dir='ltr'>fl‘ahgi</span> <span class='ocrx_word' id='word_1_315' title='bbox 1184 3981 1238 4049; x_wconf 84' lang='lat' dir='ltr'>L&#39;a-</span> 
     </span>
    </p>
   </div>
   <div class='ocr_carea' id='block_1_5' title="bbox 1263 4237 1269 4268">
    <p class='ocr_par' dir='ltr' id='par_1_5' title="bbox 1263 4237 1269 4268">
     <span class='ocr_line' id='line_1_38' title="bbox 1263 4237 1269 4268; baseline 0 0"><span class='ocrx_word' id='word_1_316' title='bbox 1263 4237 1269 4268; x_wconf 92' lang='lat' dir='ltr'>l</span> 
     </span>
    </p>
   </div>
   <div class='ocr_carea' id='block_1_6' title="bbox 0 0 1638 4775">
    <p class='ocr_par' dir='ltr' id='par_1_6' title="bbox 0 0 1638 4775">
     <span class='ocr_line' id='line_1_39' title="bbox 0 0 1638 4775; baseline 0 0"><span class='ocrx_word' id='word_1_317' title='bbox 0 0 1638 4775; x_wconf 95' lang='lat' dir='ltr'> </span> 
     </span>
    </p>
   </div>
  </div>
 </body>
</html>
