3259 4775
592 578 680 617 mnan
693 579 712 618 1.
755 579 821 619 cnr.
836 579 960 619 xxxvm.
1247 563 1283 622 47

263 708 434 769 muliebrem
454 707 559 765 ducere
579 706 725 777 debemus,
740 707 908 788 dignitatem
922 709 1039 768 iirilem.
1080 709 1159 788 Ergo
1172 718 1202 767 et
1215 729 1233 767 a
1248 717 1265 768 2

263 799 358 858 forma
380 805 561 857 removeatur
582 798 673 856 omnis
692 798 752 856 viro
772 818 830 857 non
849 799 952 878 dignus
972 806 1097 868 ornatus,
1117 807 1146 858 et
1165 800 1231 858 huic

263 889 355 948 simile
365 889 464 947 vitium
478 888 507 945 in
520 895 607 966 gestu
619 895 756 966 motuque
771 896 913 948 caveatur.
948 890 1025 948 Nam
1038 897 1068 948 et
1081 890 1233 967 palaestrici
1248 897 1264 947 3

263 986 362 1039 motus
375 985 442 1037 sunt
455 998 533 1057 saepe
544 978 704 1047 odiosiores,
716 986 745 1037 et
758 979 926 1037 histrionum
939 980 1065 1038 nonnulli
1078 988 1177 1059 gestus
1191 981 1231 1038 in·

263 1071 348 1149 eptiis
369 1089 427 1127 non
440 1076 560 1137 vacant;
588 1076 618 1126 et
637 1068 666 1126 in
686 1076 808 1147 utroque
830 1088 934 1148 genere
949 1089 1014 1147 quae
1028 1077 1094 1128 sunt
1111 1077 1189 1129 recta
1203 1079 1232 1129 et

264 1159 402 1238 simplicia
414 1159 575 1217 laudantur.
615 1157 728 1216 Formae
741 1167 839 1217 autem
853 1160 976 1238 dignitas
991 1160 1092 1218 coloris
1106 1161 1232 1219 bonitate
1246 1165 1264 1218 4

264 1249 374 1307 tuenda
383 1255 428 1307 est
436 1268 444 1317 ;
458 1249 535 1306 color
545 1248 790 1307 exercitationibus
801 1250 935 1328 corporis.
970 1250 1148 1309 Adhibenda
1157 1270 1231 1329 prae·
1246 1260 1264 1311 ὅ

263 1346 344 1398 terea
357 1339 495 1397 munditia
508 1345 552 1396 est
571 1357 629 1395 non
641 1338 739 1397 odiosa
752 1358 846 1416 neque
860 1334 1000 1417 exquisita
1013 1340 1103 1410 nimis,
1119 1348 1232 1400 tantum

264 1448 331 1506 quae
350 1429 444 1507 fugiat
462 1436 605 1508 agrestem
623 1435 652 1486 et
671 1428 851 1487 inhumanam
871 1430 1080 1510 negligentiam.
1121 1431 1264 1492 Eademd

264 1518 337 1578 ratio
350 1526 396 1577 est
408 1519 541 1578 habenda
554 1519 673 1576 vestitus
684 1537 692 1586 ;
714 1518 822 1595 inquo,
837 1520 911 1578 sicut
930 1521 960 1578 in
979 1520 1121 1599 plerisque
1135 1523 1230 1591 rebus,

263 1609 445 1668 mediocritas
459 1609 567 1686 optima
580 1615 632 1668 est.
669 1608 837 1667 Cavendum
851 1617 947 1668 autem
961 1619 1014 1681 est,
1028 1631 1065 1670 ne
1078 1618 1129 1669 aut
1143 1613 1228 1670 tardi·
1246 1613 1262 1673 'l

263 1700 372 1759 tatibus
381 1699 675 1777 utamuriningressu
687 1699 870 1767 mollioribus,
885 1707 918 1758 ut
932 1720 1103 1778 pomparum
1117 1702 1231 1760 ferculis

263 1790 369 1847 similes
382 1807 444 1847 esse
458 1789 622 1857 videamur;
644 1795 694 1846 aut
706 1789 736 1846 in
748 1789 975 1848 festinationibus
989 1791 1176 1869 suscipiamus
1190 1793 1230 1850 ni-

263 1881 336 1939 mias
351 1879 527 1938 celeritates:
549 1897 615 1956 quae
629 1899 695 1937 cum
709 1879 790 1948 fiunt,
805 1879 947 1937 anhelitus
961 1888 1119 1949 moventur,
1134 1882 1231 1940 vultus

262 1976 421 2038 mutantur,
436 1988 486 2026 ora
505 1975 690 2047 torquentur;
712 1969 864 2046 exquibus
884 1989 989 2048 magna
1007 1971 1175 2049 significatio
1189 1973 1229 2040 fit,

262 2079 321 2119 non
333 2059 435 2118 adesse
449 2059 644 2132 constantiam.
686 2059 745 2117 Sed
764 2060 856 2118 multo
874 2061 960 2118 etiam
977 2062 1070 2140 magis
1084 2061 1263 2122 elaborant

262 2150 335 2209 dum
349 2157 402 2217 est,
419 2168 456 2207 ne
473 2149 559 2207 animi
576 2157 671 2207 motus
685 2168 703 2206 a
716 2156 818 2208 natura
831 2150 984 2209 recedant:
1006 2152 1083 2229 quod
1097 2171 1229 2230 asseque-

262 2260 337 2309 mur,
352 2239 376 2298 si
390 2239 561 2308 cavebimus,
575 2258 612 2296 ne
625 2239 654 2296 in
668 2240 896 2316 perturbationes
910 2248 997 2317 atque
1011 2244 1231 2302 examinationes

261 2330 429 2398 incidamus,
444 2337 474 2388 et
493 2329 517 2388 si
536 2336 660 2388 attentos
681 2329 789 2386 animos
807 2330 845 2386 ad
865 2330 975 2390 decoris
990 2333 1231 2426 conservationqr

261 2420 432 2480 tenebimus.
468 2420 567 2478 Motus
580 2426 677 2477 autem
691 2420 850 2478 animorum
861 2421 989 2499 duplices
1003 2429 1076 2491 sunt,
1089 2424 1169 2482 alteri
1183 2443 1229 2482 co·
1245 2430 1262 2483 9

261 2511 417 2592 gitationis,
441 2510 523 2568 alteri
549 2510 703 2588 appetitus
749 2511 892 2588 Cogitatio
916 2512 944 2570 in
965 2532 1033 2570 vero
1056 2514 1229 2591 exquirendo

261 2601 386 2660 maxime
394 2608 538 2658 versatur:
553 2600 697 2677 appetitus
706 2600 826 2678 impellit
834 2602 871 2658 ad
880 2602 1033 2679 agendum.
1063 2603 1230 2662 Curandum

260 2700 308 2750 est
320 2690 417 2769 igitur,
431 2697 464 2748 ut
478 2690 647 2769 cogitatione
657 2689 695 2746 ad
708 2709 754 2747 res
768 2710 855 2767 quam
869 2693 991 2769 optimas
1004 2700 1126 2762 utamur,
1141 2712 1230 2771 appe·

260 2782 349 2890 ptum
362 2781 463 2839 rationi
476 2781 655 2839 obedientem
669 2781 857 2857 praebeamus.

214 2905 322 3060 ΨΧ
302 2961 456 3031 XXXVII.
477 2961 515 3018 Et
534 2961 668 3038 quoniam
687 2980 794 3039 magna
814 2962 856 3019 vis
878 2962 1050 3020 orationis
1071 2969 1123 3030 cst,
1139 2982 1229 3041 ecquo

260 3050 382 3128 duplex,
393 3051 482 3109 altera
493 3051 686 3119 contentionis,
698 3051 788 3109 altera
798 3051 950 3109 sermonis:
967 3052 1108 3109 contentio
1119 3050 1228 3130 discep-

259 3141 418 3199 tationibus
438 3141 579 3198 tribuatur
595 3140 777 3218 judiciorum,
792 3140 1116 3209 concionumssenatus3
1137 3160 1230 3201 sermo

259 3231 294 3290 in
303 3229 422 3298 circulis,
434 3230 680 3307 disputationibus
692 3230 937 3308 congressionibus
947 3230 1126 3289 familiarium
1134 3250 1228 3290 verse·

258 3329 321 3389 tur,
343 3328 477 3398 sequatur
496 3320 582 3378 etiam
604 3320 738 3377 convivia.
781 3321 975 3379 Contentionis
996 3328 1143 3399 praeoepta
1164 3324 1260 3382 nhc-2

258 3419 360 3470 corum
370 3417 452 3479 sunt;
466 3410 545 3467 nulla
555 3409 705 3468 sermonis:
720 3429 894 3487 quamquam
904 3411 983 3469 haud
997 3412 1055 3469 scio
1069 3431 1106 3469 an
1120 3413 1229 3491 possint
1276 3449 1295 3494 ³5

258 3502 327 3560 hmo
337 3519 450 3578 quoque
461 3519 530 3559 esse.
566 3499 805 3590 Seddisoeptium
815 3502 915 3559 studiis
929 3502 1109 3560 inveniuntur
1124 3504 1228 3581 magis·
1243 3510 1260 3562 8
1284 3507 1289 3526 “

258 3591 316 3651 tri:
339 3591 404 3649 huic
415 3599 512 3648 autem
522 3591 571 3667 qui
585 3590 728 3657 studeant,
737 3573 909 3659 'snii'hiilhss
925 3593 1072 3650 rhetorum
1088 3595 1172 3652 turba
1185 3613 1228 3652 re·
1275 3577 1286 3596 ²

258 3682 338 3740 ferta
358 3680 458 3738 omnia.
501 3682 688 3758 Quamquam,
709 3700 775 3758 quae
794 3681 947 3739 verborum
968 3683 1227 3762 sententiarumque

256 3777 410 3852 proecepta
423 3776 498 3837 sunt,
513 3770 614 3828 eadem
628 3771 665 3829 ad
680 3790 838 3830 sermonem
857 3772 1046 3848 pertinebunt.
1089 3773 1148 3830 Sed
1163 3793 1228 3832 cum
1243 3776 1259 3830 4

256 3860 397 3922 orationis
406 3858 528 3918 indicem
538 3880 636 3918 vocem
646 3862 820 3928 habcamus;
834 3861 862 3918 in
873 3881 942 3919 voce
953 3869 1049 3920 autem
1059 3863 1117 3920 duo
1128 3882 1228 3939 sequa·

254 3971 337 4020 mur,
351 3958 385 4010 ut
404 3950 479 4010 clara
495 3948 543 4026 sit,
558 3956 591 4007 ut
604 3952 715 4011 suavis:
737 3958 890 4028 utrumque
905 3952 1019 4010 omnino
1032 3970 1050 4008 a
1062 3959 1165 4009 natura
1178 3971 1228 4030 pe·
