3259 4775
304 584 342 638 20
720 599 757 637 ιιιι
779 598 907 638 οιιιοιιι

323 734 339 785 3
355 726 470 805 plicium
484 727 575 786 redire
590 727 697 795 maluit,
713 747 800 806 quam
813 727 900 786 fidem
913 727 989 786 hosti
1003 727 1101 786 datam
1114 727 1221 787 fallere.
1257 727 1324 809 [So

355 816 449 875 cundo
469 824 565 875 autem
584 818 693 876 Punico
713 818 796 886 bello,
811 825 879 895 post
899 818 1077 876 Cannensem
1097 837 1235 896 pugnam,
1251 838 1326 897 quoa

354 907 455 965 decem
468 907 610 967 Hannibal
623 909 747 966 Romam
760 908 891 965 astrictos
904 907 981 965 misit
991 908 1056 987 jure
1068 906 1193 985 jurando
1206 927 1238 967 se
1248 907 1325 968 redi·

354 1004 434 1055 turos
448 1016 519 1066 esse,
533 998 585 1055 nisi
605 999 641 1057 de
661 997 833 1057 redimendis
846 997 888 1066 iis,
902 997 951 1075 qui
971 997 1048 1075 capti
1068 1003 1158 1066 erant,
1172 997 1323 1075 impetras·

355 1094 432 1154 sent;
453 1106 502 1145 eos
522 1107 629 1157 omnes,
644 1107 784 1156 censores,
799 1087 894 1166 quoad
918 1087 1038 1165 quisque
1058 1105 1157 1145 eorum
1178 1087 1256 1157 vixit,
1271 1088 1322 1165 qui

357 1177 539 1255 pejerassent,
558 1178 588 1236 in
612 1179 716 1238 aerariis
743 1178 925 1255 reliquerunt.
966 1177 1029 1235 Nec
1053 1176 1146 1234 minus
1169 1177 1257 1245 illum,
1272 1177 1325 1255 qui

322 1267 423 1344 4jmis
441 1267 557 1370 jurandi
576 1267 676 1326 fraude
697 1267 812 1345 culpam
832 1266 986 1325 invenerat
1028 1266 1103 1324 (lum
1120 1266 1196 1324 enim
1214 1266 1324 1325 Hanni·

354 1357 425 1415 balis
446 1358 585 1435 permissu
599 1359 702 1415 exisset
721 1357 758 1415 de
772 1364 834 1415 cast
835 1358 881 1424 ris,
895 1356 980 1415 rediit
999 1357 1103 1435 paulo
1106 1363 1181 1434 post,
1197 1355 1277 1433 qnod
1291 1376 1324 1415 se

322 1456 339 1506 5
355 1447 424 1505 oblit
412 1455 474 1505 tum
486 1448 581 1505 nescio
595 1447 664 1525 quid
678 1447 784 1505 diceret
772 1453 792 1505 t.
834 1446 946 1504 Deinde
961 1465 1093 1525 egressus
1106 1464 1123 1503 e
1134 1446 1266 1514 castris,'
1255 1466 1324 1524 Jure

241 1577 243 1582 .
352 1536 475 1615 jurando
494 1556 526 1595 sc
545 1538 671 1595 solutum
691 1537 821 1615 putabat.
862 1537 901 1594 Et
921 1543 983 1594 erat
1002 1536 1104 1603 verbis,
1119 1554 1151 1593 re
1170 1554 1228 1594 non
1248 1543 1322 1595 erat.

323 1632 340 1684 6
355 1627 475 1704 Semper
488 1633 584 1685 autem
597 1626 625 1684 in
639 1627 704 1695 fide,
719 1625 789 1703 quid
810 1626 938 1693 senseris,
952 1645 1011 1684 non
1023 1625 1093 1703 quid
1113 1625 1227 1693 dixeris,
1243 1627 1323 1705 cogi·

324 1716 340 1775 t
354 1715 482 1775 tandum.
516 1715 672 1774 Maximum
685 1722 782 1774 eutem
795 1715 959 1793 exemplum
972 1722 1017 1773 est
1027 1715 1154 1793 justitiae
1168 1715 1197 1773 in
1209 1715 1325 1774 hostem
1352 1762 1356 1769 .

355 1806 547 1885 amajoribus
573 1807 676 1865 nostris
705 1806 899 1874 constitutum,
923 1825 989 1863 cum
1015 1824 1033 1862 a
1059 1805 1173 1883 Pyrrho
1201 1805 1326 1885 perfuga

355 1897 464 1955 senatui
483 1904 528 1955 est
551 1898 700 1975 pollicitus,
724 1916 754 1954 se
781 1891 1011 1973 venenum'regi
1038 1895 1182 1964 daturum,
1204 1902 1323 1953 etcum

355 1995 529 2045 necatmum.
570 1987 693 2045 Senatus
707 1994 736 2044 et
757 1986 951 2044 O.Fab1icius
971 1984 1123 2063 perfugam
1142 1985 1256 2063 Pyrrho
1270 1985 1339 2043 ιιι--

324 2083 340 2133 8
356 2076 436 2133 didit.
477 2077 506 2134 I
494 2083 523 2133 a
543 2095 578 2132 ne
598 2076 688 2133 hostis
701 2075 817 2152 quidem
831 2083 861 2134 et
881 2075 1004 2153 potentis
1018 2082 1048 2132 et
1069 2074 1176 2133 bellum
1190 2074 1289 2133 ultro
1281 2094 1324 2132 m-

355 2165 454 2223 ferent
433 2172 470 2222 ιιι
491 2164 585 2222 interit
573 2172 635 2222 tum
653 2185 718 2222 cum
738 2165 844 2223 scelere
858 2162 1049 2244 approbavit]
1091 2165 1138 2222 Ac
1158 2164 1195 2223 de
1215 2165 1324 2224 bellicis

355 2240 470 2331 quidem
484 2254 638 2312 officiist
594 2262 638 2312 sat
638 2255 662 2313 is
676 2255 736 2314 dict
724 2262 785 2313 tum
799 2262 851 2313 est.

324 2351 340 2403 9
394 2344 604 2404 Meminerimus
618 2346 821 2414 autemeam
834 2345 970 2403 adversus
984 2344 1117 2403 infimos
1106 2364 1154 2424 Jus
1155 2344 1246 2404 titiam
1259 2364 1324 2405 esse

237 2419 248 2515 ι
356 2434 532 2492 servandam.
574 2435 627 2493 Est
615 2442 689 2494 tant
690 2455 735 2494 em
749 2436 845 2493 infima
859 2436 983 2494 conditio
998 2442 1027 2493 et
1036 2435 1094 2493 for
1082 2442 1152 2493 tuna
1165 2455 1321 2505 servorum,

355 2525 456 2626 quibus
476 2544 533 2582 non
552 2526 625 2583 male
646 2526 817 2604 praecipiunt
837 2526 886 2603 qui
913 2526 953 2583 ita
975 2525 1078 2603 jubent
1097 2525 1141 2584 uti
1160 2532 1194 2583 ut
1213 2545 1322 2585 merce·

247 2612 250 2617 ’
307 2619 341 2672 10
355 2615 446 2682 naris,
471 2633 587 2692 operam
619 2616 796 2693 exigendam,
809 2615 889 2693 justa
910 2614 1076 2694 praebenda.
1126 2615 1202 2673 Cum
1224 2622 1322 2696 autem

358 2703 470 2762 duobus
490 2704 590 2772 modis,
605 2704 635 2762 id
655 2711 700 2763 est
719 2712 769 2763 aut
788 2705 817 2763 vi
837 2712 888 2763 aut
907 2704 1017 2771 fraude,
1032 2704 1083 2762 fiat
1102 2704 1221 2783 injuria;
1242 2705 1321 2763 fraus

357 2794 439 2871 quasi
460 2793 629 2872 vulpeculae,
645 2795 687 2853 vis
705 2795 793 2853 leonis
806 2794 935 2853 videtur:
960 2801 1114 2871 utrumque
1128 2794 1241 2853 homine
1254 2795 1320 2853 alie-

291 2891 339 2947 ,ιι
358 2884 512 2953 nissimum,
528 2885 580 2943 sed
594 2886 672 2944 fraus
687 2885 751 2943 odio
766 2885 853 2963 digna
866 2885 983 2962 majore.
1025 2885 1123 2942 Totius
1136 2890 1234 2942 antem
1246 2883 1320 2962 inju-

358 2975 442 3034 stitiae
463 2976 541 3034 nulla
562 2976 707 3053 capitalior
727 2982 779 3043 est,
794 2993 884 3052 quam·
902 2993 1009 3041 eorum,
1026 2973 1157 3051 quitum,
1175 2993 1240 3032 cum
1259 2993 1320 3031 ma-

356 3065 430 3123 xime
443 3066 552 3134 fallunt,
564 3066 593 3124 id
608 3074 705 3145 agunt,
717 3073 750 3124 ut
763 3064 815 3124 viri
830 3063 895 3123 boni
909 3082 971 3122 esse
981 3063 1139 3122 videantur.
1180 3063 1226 3122 De
1236 3062 1320 3141 justi·

312 3206 315 3214 .
356 3156 395 3212 ιιι
409 3155 476 3212 satis
491 3156 600 3214 dictum
614 3162 665 3216 est.

395 3333 475 3390 XIV.
497 3332 649 3409 Deinceps,
663 3338 697 3389 ut
710 3339 771 3389 erat
784 3332 973 3410 propositum,
989 3332 1026 3390 de
1047 3332 1265 3392 beneficentia
1284 3351 1319 3390 ac

357 3424 393 3481 de
406 3421 608 3480 liberalitate
619 3421 743 3488 dicatur;
758 3440 815 3499 qua
824 3422 940 3499 quidem
950 3422 1017 3480 nihil
1026 3428 1069 3480 est
1079 3429 1189 3480 naturae
1198 3421 1319 3480 hominis

323 3521 339 3572 2
356 3511 610 3571 accommodatius:
632 3511 684 3569 sed
698 3511 786 3569 habet
800 3512 904 3569 multas
918 3512 1071 3571 cautiones
1099 3511 1264 3571 Videndum
1275 3518 1319 3568 est

355 3603 429 3660 enim
451 3600 581 3679 primum,
596 3619 632 3659 ne
654 3600 729 3660 obsit
750 3601 918 3679 benignitas,
939 3608 970 3659 et
991 3601 1024 3659 iis
1048 3601 1123 3679 ipsis,
1145 3600 1248 3678 quibus
1269 3600 1318 3658 be-

355 3692 439 3770 nigne
452 3690 595 3749 videbitur
608 3691 675 3759 fieri,
691 3698 721 3749 et
735 3691 854 3750 ceteris:
876 3691 985 3759 deinde,
999 3711 1036 3750 ne
1055 3692 1146 3770 major
1160 3690 1318 3769 benignitas

355 3782 399 3848 sit,
416 3799 502 3858 quam
515 3781 683 3839 facultates:
705 3788 775 3849 tum,
785 3788 820 3838 ut
834 3800 886 3858 pro
900 3780 1038 3859 dignitate
1052 3781 1154 3858 cuique
1167 3779 1317 3839 tribuatur.

356 3871 391 3929 Id
405 3871 478 3929 enim
493 3877 537 3929 cst
554 3871 674 3950 justitiae
690 3870 918 3939 fundamentum,
933 3870 1071 3948 adquam
1090 3872 1156 3931 haec
1168 3867 1319 3929 referenda

355 3969 421 4020 stmt
434 3959 535 4020 omnic.
1344 3970 1347 3978 ·
