3259 4775
687 611 773 650 mana
786 612 806 652 r.
848 612 915 653 eae.
931 613 985 651 xm.
1290 598 1324 655 bl

295 728 413 795 tionem
437 757 536 798 rerum
557 740 633 818 aptis
655 748 686 799 et
708 742 931 800 accommodatis
956 743 1040 801 loeis:
1062 742 1156 818 locum
1180 753 1277 802 autem

301 823 431 896 actionis,
443 830 686 907 opportunitatem
699 832 836 909 temporis
849 851 911 890 esse
925 833 1036 890 dieunt:
1052 841 1165 911 tempus
1179 842 1276 893 autem

308 915 424 977 &houm
443 928 638 998 opportunum
663 922 765 980 Graece
785 920 916 1001 adsurgis,
932 923 1033 981 Latine
1053 923 1215 1002 appellatur
1227 926 1274 983 'oe-

314 1005 393 1065 casio.
432 1009 479 1068 Sic
493 1011 534 1079 fit,
548 1019 582 1069 ut
596 1011 735 1070 modestia
755 1013 829 1079 haec,
844 1032 932 1090 quam
946 1014 985 1071 ita
999 1014 1227 1091 interpretamur,
1242 1022 1275 1071 ut
1290 1020 1305 1071 4

321 1090 380 1163 dixi,
393 1100 503 1158 seientia
517 1100 554 1158 sit
567 1103 788 1180 opportunitatis
807 1102 975 1161 idoneorum
988 1103 1026 1160 ad
1039 1103 1183 1181 agendum
1203 1112 1274 1162 tem·

327 1201 421 1260 porum.
460 1190 519 1248 Sed
533 1199 629 1268 potest
643 1191 743 1250 eadem
757 1212 820 1251 esse
834 1192 995 1270 prudentiae
1018 1192 1152 1261 definitio,
1167 1193 1204 1251 de
1217 1203 1306 1270 quab
1373 1225 1383 1242 ι

329 1275 444 1356 principio
464 1281 605 1339 dinmus:
626 1282 681 1340 hoe
702 1289 799 1340 autem
822 1282 885 1341 loeo
900 1282 937 1340 de
951 1282 1143 1341 moderatione
1158 1291 1188 1340 et
1202 1293 1272 1340 tern-

333 1370 436 1440 perantia
454 1380 485 1429 et
506 1390 604 1429 earum
627 1371 764 1430 similibus
780 1373 935 1431 virtutibus
957 1372 1120 1450 quaerimus.
1163 1374 1273 1450 Itaque,

333 1471 384 1530 que
405 1468 480 1519 erant
507 1462 666 1540 prudentiae
691 1462 814 1541 propria,
840 1483 893 1521 suo
918 1463 982 1521 loeo
1006 1463 1083 1521 dieta
1106 1470 1189 1521 sunt:
1210 1482 1275 1541 qum

335 1551 409 1606 tutem
428 1551 527 1609 harum
540 1552 687 1619 virtutum,
709 1552 745 1609 de
765 1553 868 1629 quibus
890 1553 951 1631 jam
971 1553 1022 1611 diu
1042 1554 1191 1632 loquimur,
1206 1574 1272 1632 quae

288 1701 294 1718 ⁶
335 1636 447 1710 pedinem
466 1641 504 1699 ad
517 1643 725 1710 verecundiam,
741 1650 770 1701 et
783 1642 822 1700 ad
835 1662 934 1701 eorum
955 1644 1198 1722 approbationem,
1212 1645 1273 1720 qui-

288 1735 291 1750 ²
335 1721 428 1787 luseum
439 1731 567 1799 vivims,
582 1752 656 1791 nunc
679 1732 800 1790 dicenda
820 1740 895 1791 sunt.
937 1734 1013 1791 Talis
1037 1740 1082 1791 est
1102 1734 1189 1811 igitur
1202 1734 1304 1792 ordotl

335 1814 448 1879 chrum
470 1822 659 1889 adhibendus,
680 1829 721 1891 ut,
743 1823 987 1900 quemadmodum
1007 1823 1036 1880 in
1057 1825 1182 1881 oratione
1207 1843 1272 1881 con-

334 1907 406 1975 tituti,
418 1911 452 1969 sie
472 1912 502 1969 in
514 1912 573 1970 vita
593 1912 687 1970 omnia
706 1913 762 1970 sint
783 1920 854 1991 apta
875 1913 948 1970 inter
969 1931 1000 1970 se
1022 1921 1051 1971 et
1073 1913 1272 1972 convenientia.

287 2059 291 2076 ,
334 1988 406 2072 Turpe
417 2008 456 2059 est
469 2002 544 2060 enim
555 2002 694 2080 valdeque
702 2003 842 2071 vitiosum,
854 2003 883 2061 in
896 2022 927 2061 re
941 2022 1040 2061 severa
1054 2003 1173 2061 convivii
1187 2004 1272 2072 dieta,
1288 2005 1304 2062 ⁷

287 2169 289 2174 Ι
335 2085 520 2150 attalianum
533 2092 656 2169 aliquem
665 2093 768 2151 inferre
779 2112 947 2152 sermonem.
976 2094 1054 2151 Bene
1063 2094 1197 2163 Pericles,
1207 2102 1305 2153 eum8

334 2168 425 2238 habere
442 2181 581 2260 collegam
601 2182 630 2239 in
653 2191 778 2261 praetura
799 2183 970 2261 Sophoclea,
985 2184 1060 2261 iique
1080 2183 1117 2242 de
1132 2185 1273 2244 communi

334 2259 402 2325 officio
420 2273 622 2340 convenissent,
643 2280 673 2331 et
696 2292 766 2332 casu
789 2273 931 2332 formosus
952 2293 1024 2352 puer
1044 2276 1209 2352 praeteriret,
1230 2275 1271 2333 di·

333 2349 446 2438 ¹l⁸tetque
460 2363 627 2441 Sophocles,
639 2362 664 2421 0
675 2382 796 2441 puerum
812 2364 973 2442 pulchrum,
984 2364 1108 2424 Pericle!
1141 2366 1185 2423 At
1198 2365 1272 2423 enim

332 2454 463 2521 patorem,
487 2454 639 2531 Sophocle,
664 2454 748 2512 decet
774 2474 831 2513 non
859 2455 952 2513 solum
976 2475 1085 2523 manus,
1109 2456 1161 2514 sed
1186 2456 1271 2514 etiam

332 2535 406 2597 wales
416 2544 585 2602 abstinentes
599 2544 713 2602 habere.
754 2544 854 2622 Atque
868 2545 922 2604 hoc
936 2545 1013 2603 idem
1034 2546 1191 2624 Sophocles
1206 2546 1272 2604 siin

285 2656 287 2663 ·
331 2620 474 2705 lillatarum
487 2634 651 2712 probatione
662 2633 791 2702 dixisset,
804 2635 883 2712 justa
893 2636 1111 2712 reprehensione
1120 2637 1270 2695 caruisset:

330 2714 393 2775 ”¹¹1³
407 2723 444 2781 vis
464 2731 510 2782 est
531 2730 562 2781 et
580 2724 636 2782 loci
655 2731 685 2782 et
702 2725 848 2802 temporis.
890 2726 940 2793 Ut,
956 2726 980 2784 si
998 2727 1054 2803 qui,
1070 2746 1136 2784 eum
1156 2732 1303 2784 causama

330 2798 476 2881 ⁸litaturus,
491 2814 520 2872 in
533 2813 633 2871 itinere
647 2822 698 2872 aut
716 2815 747 2872 in
766 2816 958 2875 ambulatione
979 2835 1078 2874 seeum
1101 2816 1162 2893 ipse
1183 2815 1271 2873 medi·

329 2893 395 2966 taur,
407 2910 452 2961 aut
464 2904 488 2962 si
502 2904 572 2982 quid
585 2904 662 2962 aliud
675 2905 811 2963 attentius
826 2906 942 2983 cogitet,
957 2925 1014 2963 non
1027 2905 1268 2982 reprehendatur:

329 2984 355 3078 {l
364 2982 407 3047 hoe
417 2993 491 3052 idem
503 2994 529 3052 si
541 2994 570 3051 in
590 2995 717 3052 convivio
739 2995 834 3062 faciat,
849 2996 1020 3054 inhumanus
1034 2994 1173 3060 videatur,
1188 2993 1269 3052 insci·

330 3072 361 3125 l²²
377 3083 509 3160 temporis.
551 3083 609 3142 Sed
623 3103 665 3151 ea,
681 3104 747 3162 quae
766 3085 890 3142 multum
911 3085 949 3142 ab
969 3083 1145 3142 humanitate
1167 3082 1323 3142 disere-10

329 3172 390 3234 Pflflh
401 3180 437 3240 ut,
452 3174 475 3232 si
489 3174 552 3250 quis
574 3174 602 3231 in
623 3174 685 3232 loro
707 3182 810 3243 cantet,
833 3181 883 3232 aut
904 3174 927 3230 si
948 3192 1006 3250 qua
1027 3180 1072 3230 est
1093 3173 1148 3231 alia
1166 3191 1272 3252 magna
1305 3222 1311 3228 .

328 3263 480 3331 perversitm,
495 3264 578 3322 facile
591 3271 739 3342 apparent,
753 3284 805 3322 nee
819 3283 924 3343 magno
944 3282 1032 3342 opere
1052 3262 1271 3322 admonitionem

328 3344 353 3436 θ)
362 3360 493 3433 precepta
507 3353 677 3412 desiderant.
709 3355 781 3424 Quae
794 3361 891 3412 autem
906 3354 1132 3432 parvavidentur
1145 3373 1207 3412 esse
1221 3354 1270 3412 de·
1287 3361 1320 3412 11

328 3422 386 3503 Μ.
397 3459 484 3522 neque
498 3463 516 3501 a
529 3444 626 3502 multis
648 3445 766 3522 intelligi
788 3453 917 3522 possunt,
933 3446 970 3503 ab
990 3445 1022 3502 iis
1042 3452 1086 3503 est
1108 3445 1270 3523 diligentius

327 3511 510 3616 denualdum.
552 3534 594 3593 ui
615 3534 644 3592 in
667 3533 770 3592 ficibus
792 3541 844 3592 aut
863 3535 892 3592 in
911 3535 994 3603 aare,
1009 3535 1138 3611 quamvis
1152 3535 1271 3612 panum
1287 3541 1320 3590 is

327 3601 472 3699 dherispont,
487 3631 584 3682 tamen
601 3624 630 3682 id
645 3642 662 3681 a
676 3624 781 3682 sciente
803 3624 990 3682 animadverti
1011 3625 1100 3683 solet:
1121 3625 1161 3682 sic
1174 3624 1270 3682 viden-

326 3689 381 3761 dum
397 3714 479 3772 estin
492 3713 560 3782 vita,
581 3733 617 3772 ne
638 3714 713 3772 forte
734 3713 805 3791 quid
826 3714 985 3792 discrepet;
1006 3715 1053 3772 vel
1073 3715 1164 3773 multo
1186 3715 1272 3772 etiam

325 3795 405 3871 magia
419 3823 476 3880 quo
497 3804 589 3881 major
611 3811 640 3862 et
662 3804 759 3861 melior
781 3804 933 3871 actionum,
949 3823 1035 3881 quam
1049 3824 1190 3871 sonorum,
1205 3823 1270 3861 eon-

324 3888 405 3977 iilius
418 3901 468 3952 est.
510 3894 586 3953 XLI.
608 3895 719 3970 Itaque,
733 3899 767 3952 ut
780 3893 808 3951 in
823 3894 925 3952 fidibus
940 3894 1112 3952 musicorum
1126 3912 1210 3950 aures
1225 3891 1271 3948 vel

321 3973 420 4039 Ultima
432 3984 572 4042 sentiunt:
594 3983 633 4042 sie
646 4002 708 4051 nos,
723 3982 746 4041 si
760 4002 839 4042 aeres
852 4003 886 4043 ac
899 3984 1049 4063 diligentes
1062 4001 1125 4041 esse
1138 3981 1271 4040 volumus
