3259 4775
652 593 737 633 unua
751 593 770 633 1.
812 592 880 635 (Ὦ.
895 594 942 635 XV.
1263 589 1293 640 21

326 722 405 782 Nam
428 730 459 781 et
486 723 537 800 qui
560 722 755 802 gratificantur
782 723 914 801 cuipiam,
939 725 1016 802 quod
1044 725 1118 784 obsit
1145 724 1191 792 illt,
1214 725 1290 782 cuia

285 815 423 894 prodesse
446 814 519 871 velle
540 812 696 880 videantur,
712 832 769 870 non
791 813 916 880 benefici,
938 833 1030 892 neque
1051 814 1191 883 liberales,
1206 813 1257 872 scd

284 904 435 983 perniciosi
455 909 645 972 assentatores
656 902 804 980 judicandi
817 909 899 960 sunt:
920 911 950 961 et
963 905 1012 981 qui
1025 904 1086 963 aliis
1099 911 1210 972 nocent,
1225 911 1258 962 ut

285 995 315 1051 in
328 994 398 1053 alios
411 993 543 1053 liberales
556 992 622 1060 sint,
635 992 665 1050 in
678 992 779 1050 cadem
800 999 867 1050 sunt
886 993 1030 1071 injustitia,
1045 1002 1079 1053 ut
1093 994 1116 1052 si
1133 994 1162 1052 in
1176 1013 1257 1053 suam
1345 1035 1353 1042 -

285 1103 348 1142 rem
362 1084 454 1142 aliena
467 1089 653 1142 convertant·
684 1082 759 1140 Sunt
772 1089 870 1141 autem
883 1083 973 1151 multi,
989 1092 1018 1142 et
1031 1085 1147 1161 quidem
1160 1084 1257 1163 cupidi
1270 1088 1288 1139 4

286 1174 446 1251 splendoris
460 1181 490 1232 et
502 1173 610 1252 gloriae,
624 1173 673 1250 qui
686 1172 810 1251 eripiunt
828 1173 899 1241 aliis,
913 1173 991 1251 quod
1012 1174 1072 1231 aliis
1092 1174 1255 1253 largiantur.

286 1264 383 1342 Hique
402 1265 584 1331 arbitrantur,
599 1280 631 1320 sa
652 1263 792 1322 beneficos
812 1262 841 1320 in
861 1282 928 1321 suos
948 1263 1056 1322 amicos
1068 1263 1160 1321 visum
1173 1263 1214 1331 iri,
1228 1263 1252 1321 si

285 1352 461 1433 locupletent
475 1372 524 1411 eos
539 1371 710 1430 quacunque
730 1352 848 1411 ratione.
894 1353 926 1410 ld
940 1360 1036 1410 autem
1052 1360 1162 1411 tantum
1176 1354 1257 1412 abest

284 1444 386 1511 officio,
400 1450 434 1501 ut
447 1443 516 1501 nihil
529 1442 620 1522 magis
635 1442 726 1500 officio
740 1443 832 1519 possit
851 1461 913 1501 esse
927 1442 1106 1501 contraitum.
1148 1442 1255 1501 Viden·
1271 1452 1288 1503 5

283 1533 355 1592 dum
369 1540 414 1591 est
428 1533 524 1611 igitur,
538 1538 573 1590 ut
592 1551 628 1589 ea
647 1531 816 1591 liberalitate
828 1539 952 1600 utamur,
967 1552 1033 1610 quae
1048 1532 1137 1611 prosit
1150 1533 1255 1601 amicis,

282 1631 387 1683 noceat
399 1624 511 1683 nemini.
553 1624 648 1693 Quare
668 1623 701 1681 L.
724 1623 813 1682 Sullae
835 1630 864 1681 et
883 1625 916 1683 0.
933 1625 1054 1684 (iaesaris
1072 1626 1255 1701 pecuniarum
1271 1631 1288 1682 o

282 1714 433 1772 translatio
451 1732 468 1770 a
488 1714 573 1792 justis
592 1712 713 1771 dominis
733 1713 770 1770 ad
789 1713 894 1778 alienos
909 1734 966 1772 non
981 1715 1068 1773 debet
1080 1715 1202 1773 liberalis
1216 1716 1255 1772 vi·
1356 1733 1367 1740 ··

282 1804 353 1863 deri.
394 1803 474 1861 Nihil
488 1810 532 1861 est
546 1803 621 1861 enim
635 1802 759 1870 liberale,
774 1804 853 1880 quod
867 1821 924 1860 non
938 1803 1014 1860 idem
1025 1804 1145 1881 justum.

323 1894 409 1951 Alter
436 1900 498 1952 erat
525 1893 604 1952 locus
631 1892 776 1960 cautionis,
802 1911 838 1950 ne
865 1892 1024 1970 benignitas
1051 1893 1144 1970 major
1170 1895 1286 1960 essct‚7

281 2003 372 2061 quam
391 1984 552 2042 facultates
595 1983 680 2052 Quod
701 1982 751 2060 qui
770 1982 951 2060 benigniores
965 1982 1065 2040 volunt
1084 2000 1255 2060 essequam

280 2093 328 2132 res
351 2060 468 2152 patitur,
490 2073 614 2151 primum
633 2073 663 2130 in
687 2091 721 2130 eo
745 2079 875 2150 peccant,
897 2072 974 2150 quod
996 2072 1122 2151 injuriosi
1142 2074 1255 2131 suntin

279 2164 445 2242 proximos:
467 2182 539 2241 quas
559 2162 635 2221 enim
655 2162 751 2240 copias
772 2162 817 2220 his
837 2170 867 2220 et
889 2162 1065 2241 suppedibui
1086 2163 1196 2241 aequius
1210 2171 1255 2222 est

280 2260 313 2311 et
325 2253 455 2333 relinqui,
470 2272 519 2311 eas
533 2252 708 2311 transferunt
725 2251 764 2309 ad
782 2252 897 2311 alienos.
939 2254 1019 2310 Inest
1040 2261 1136 2311 autem
1155 2254 1184 2311 in
1205 2254 1286 2312 talis

279 2343 452 2403 liberalitate
467 2342 609 2422 cupiditas
622 2342 791 2421 plerumque
804 2342 933 2421 rapiendi
946 2351 976 2402 et
988 2342 1134 2402 auferendi
1148 2363 1200 2422 per
1213 2344 1253 2402 in·

277 2435 396 2513 juriam,
412 2441 446 2493 ut
466 2435 504 2492 ad
524 2434 704 2513 largiendum
726 2441 882 2512 suppetant
900 2434 1000 2512 copiae.
1041 2434 1147 2492 Videre
1168 2435 1286 2493 etiami)

280 2526 358 2593 licet,
374 2524 526 2603 plerosque
539 2544 597 2583 non
610 2531 671 2582 tam
684 2530 786 2581 natura
799 2525 938 2591 liberales,
953 2544 1039 2602 quam
1054 2524 1177 2601 quadam
1191 2525 1253 2603 glo-

279 2615 323 2672 n‘a
336 2615 449 2683 ductos,
461 2621 495 2672 ut
508 2614 626 2673 benefici
639 2613 799 2681 videantur,
811 2614 906 2672 facere
918 2615 1019 2682 multa,
1034 2634 1100 2691 quae
1116 2615 1254 2692 proficisci

218 2740 225 2747 -
280 2706 320 2763 ab
343 2704 531 2763 ostentatione
552 2704 653 2782 magis,
669 2723 756 2781 quam
778 2723 795 2760 a
815 2704 963 2762 voluntate
981 2704 1138 2762 videantur.
1179 2705 1252 2762 Talis

280 2802 382 2853 autem
396 2795 537 2852 simulatio
550 2795 668 2852 vanitati
688 2800 733 2853 est
753 2794 938 2873 conjunctior,
952 2813 1041 2872 quam
1062 2801 1113 2852 aut
1133 2794 1251 2852 liberali-

279 2885 336 2942 tati
350 2892 401 2942 aut
414 2885 565 2944 honestati.

321 2975 450 3032 Tertium
471 2983 515 3033 est
535 2975 720 3053 propositum,
735 2981 769 3032 ut
789 2974 818 3031 in
839 2972 1023 3031 beneficentia
1037 2972 1165 3031 delectus
1178 2979 1253 3030 esset
1269 2979 1304 3030 10

280 3065 446 3144 dignitatis:
466 3066 495 3123 in
515 3084 572 3143 quo
589 3072 618 3122 et
641 3083 735 3122 mores
757 3064 820 3141 ejus
842 3069 926 3119 erunt
948 3059 1104 3139 spectandi,
1119 3060 1147 3118 in
1167 3080 1252 3138 quem

281 3155 452 3214 beneficium
466 3154 634 3223 conteretur,
649 3161 679 3212 et
693 3154 803 3212 animus
818 3170 887 3230 erga
899 3170 960 3219 nos,
975 3157 1005 3208 et
1018 3151 1205 3210 communitas
1219 3172 1253 3211 ac

218 3276 220 3288 =
280 3245 404 3303 societas
427 3245 504 3313 vitae,
530 3244 619 3302 etad
642 3251 754 3303 nostras
775 3243 913 3300 utilitates
937 3241 1028 3299 officia
1051 3249 1118 3300 ante
1141 3242 1252 3301 collata.

280 3335 358 3404 Quae
383 3341 416 3391 ut
439 3341 608 3393 concurrant
628 3334 729 3402 omnia,
755 3333 879 3411 optabile
902 3339 963 3402 cst;
984 3331 1008 3390 si
1029 3333 1131 3402 minus,
1156 3334 1252 3412 plures
1269 3340 1301 3391 l-l

279 3443 380 3484 causae
392 3425 569 3503 majoresque
583 3423 715 3502 ponderis
729 3423 795 3502 plus
808 3424 966 3482 habebunt.

320 3603 389 3662 XV.
411 3605 551 3673 Quoniam
565 3612 663 3662 autem
677 3604 779 3662 vivitur
793 3623 850 3661 non
864 3623 931 3662 cum
945 3603 1078 3681 perfectis
1092 3605 1252 3663 hominibus

278 3694 424 3773 planeque
443 3694 626 3772 sapientibus,
641 3694 692 3751 sed
707 3713 773 3751 cum
790 3693 832 3762 iia,
847 3693 992 3771 inquibus
1006 3695 1144 3770 praeclare
1158 3694 1252 3772 agitur

277 3784 303 3842 si
319 3790 388 3840 sunt
400 3783 549 3842 simulacra
562 3783 689 3841 virtutis:
711 3783 795 3840 etiam
809 3783 864 3841 hoc
878 3782 1094 3859 intelligendum
1109 3789 1188 3861 pute,
1203 3801 1250 3839 ne·

277 3873 390 3933 minem
410 3874 522 3931 omnino
542 3892 604 3931 esse
624 3873 835 3951 negligendum,
849 3873 878 3930 in
892 3891 949 3950 quo
969 3872 1064 3949 aliqua
1085 3873 1234 3950 significati

279 3963 395 4025 virtutis
405 3971 543 4043 appareat
548 3983 556 4030 ;
571 3963 721 4021 colendum
735 3970 831 4020 autem
843 3982 905 4020 esse
913 3963 953 4019 ita
963 3980 1105 4039 quemque
1119 3961 1249 4020 mamma.
