3259 4775
305 587 341 640 84
720 601 758 639 uu
780 598 906 641 cuncus

1299 677 1333 686 ο

322 731 339 790 't
394 731 533 809 Idemque
557 731 696 809 praecipit,
721 737 754 788 ut
778 750 827 789 eos
849 729 1027 787 adversarios
1050 728 1254 798 existimemus,
1273 721 1369 806 (1¹1³

353 841 432 878 arma
446 829 545 879 contra
558 821 668 889 ferant;
683 841 740 878 non
750 840 808 890 eos,
820 820 870 898 qui
883 839 936 877 suo
947 818 1056 897 judicio
1069 820 1144 878 tueri
1156 838 1217 878 rem
1231 809 1353 898 publi>

353 930 416 970 cam
431 912 536 969 velint:
558 912 649 989 qualis
669 912 724 970 fuit
743 912 817 970 inter
836 911 870 968 P.
886 910 1063 979 Africanum,
1077 916 1107 969 et
1121 910 1156 980 Q.
1176 910 1332 969 Metellum

354 1002 413 1060 sine
427 1002 582 1060 acerbitate
596 1003 741 1060 dissensio,

321 1100 338 1151 8
392 1092 455 1149 Nec
469 1112 536 1150 vero
551 1092 692 1161 audiendi,
707 1092 756 1170 qui
769 1091 895 1170 graviter
915 1090 1031 1148 inimicis
1044 1090 1227 1149 irascendum
1241 1097 1319 1169 puta·

353 1185 433 1250 bunt,
449 1183 535 1260 idque
555 1183 729 1262 magnanimi
742 1190 771 1240 et
784 1182 866 1262 fortis
880 1181 932 1238 viri
953 1200 1016 1239 esse
1039 1183 1204 1240 censebunt.
1247 1179 1318 1239 Nihil

353 1274 427 1333 enim
441 1274 618 1342 laudabilius,
630 1273 699 1331 nihil
712 1291 820 1351 magno
834 1278 863 1330 et
877 1272 1017 1350 praeclaro
1027 1272 1087 1331 viro
1101 1272 1215 1351 dignius
1229 1273 1317 1351 placa

322 1365 461 1422 tabilitate
483 1372 569 1441 atque
590 1364 746 1422 clementia.
788 1364 824 1420 In
838 1362 933 1421 liberis
947 1381 1014 1421 vero
1035 1362 1149 1441 populis
1162 1371 1193 1421 et
1205 1363 1235 1420 in
1254 1361 1322 1441 juris

354 1454 546 1531 aequabilitate
569 1454 727 1511 exercenda
748 1454 834 1511 etiam
855 1460 899 1511 est
918 1453 1037 1511 facilitas
1051 1460 1081 1511 et
1094 1452 1216 1511 altitudo
1230 1453 1322 1521 animi,

352 1564 419 1622 quae
434 1544 556 1602 dicitur:
577 1562 622 1612 ne,
638 1544 662 1602 si
674 1544 830 1601 irascamur
843 1550 894 1600 aut
912 1543 1110 1621 intempestive
1124 1544 1326 1602 accedentibus

354 1642 404 1692 aut
417 1633 600 1712 impudenter
619 1634 796 1714 rogantibus,
811 1634 841 1690 in
854 1633 1050 1692 morositatem
1062 1633 1191 1692 inutilem
1204 1640 1234 1692 et
1248 1634 1327 1692 odio·

230 1756 234 1762 ·
306 1732 339 1783 10
354 1724 592 1783 samineidamus.
624 1724 663 1783 Et
673 1732 770 1782 tamen
780 1724 820 1781 ita
830 1724 979 1801 probanda
988 1730 1031 1781 est
1041 1723 1231 1782 mansuetudo
1239 1732 1329 1802 atque

353 1816 510 1884 clementia,
534 1822 568 1874 ut
592 1816 763 1875 adhibeatur
783 1814 825 1872 rei
845 1814 968 1892 publicae
990 1832 1076 1871 causa
1099 1814 1245 1883 severitas,
1268 1815 1331 1875 sine

305 1913 336 1964 11
354 1926 410 1984 qua
429 1907 618 1965 administrari
639 1907 736 1965 civitas
756 1925 814 1962 non
834 1911 938 1982 potest.
981 1904 1080 1961 Omnis
1101 1911 1197 1963 autem
1217 1912 1249 1963 et
1270 1907 1331 1965 ani-

353 1997 512 2056 madversio
532 2003 562 2056 et
583 1996 731 2074 castigatio
753 1995 924 2053 contumelia
937 2013 1038 2052 vacare
1057 1994 1159 2054 debet:
1180 1998 1332 2074 nequead

354 2087 424 2164 ejus
436 2087 485 2163 qui
496 2086 612 2163 punitur
622 2086 744 2163 aliquem
755 2074 806 2142 aut
815 2086 909 2144 verbis
920 2084 1050 2163 castigat,
1062 2086 1114 2143 sed
1128 2085 1165 2144 ad
1178 2086 1218 2143 rei
1233 2088 1333 2165 publi·

304 2183 338 2233 12
354 2195 394 2234 cae
408 2175 558 2233 utilitatem
578 2176 683 2233 referri.
727 2176 894 2234 Cavendum
908 2183 952 2233 est
966 2176 1060 2243 etiam,
1075 2195 1111 2234 ne
1125 2177 1217 2255 major
1238 2198 1333 2255 poena

353 2285 439 2343 quam
455 2266 540 2343 culpa
554 2266 598 2333 sit,
614 2273 643 2323 et
657 2286 693 2323 ne
707 2266 806 2324 iisdem
821 2265 857 2323 de
872 2266 964 2323 causis
978 2265 1024 2323 alii
1045 2267 1214 2344 plectantur,
1230 2268 1333 2329 aliine

353 2356 535 2435 appellentur
554 2357 679 2433 quidem.
721 2356 906 2416 Prohibenda
925 2363 1022 2415 autem
1042 2341 1223 2417 11ῗῖ11116661
1244 2360 1288 2418 ira
1300 2361 1333 2421 in

305 2455 339 2506 13
355 2447 505 2526 puniendo.
548 2448 703 2525 Nunquam
724 2448 807 2516 enim,
823 2448 911 2506 iratus
931 2448 980 2525 qui
1000 2447 1117 2506 accedet
1139 2449 1177 2506 ad
1198 2456 1331 2528 poenam,

353 2538 579 2596 mediocritatem
592 2539 670 2596 illam
685 2538 802 2606 tenebit,
814 2558 880 2615 quae
893 2545 936 2596 est
949 2539 1022 2596 inter
1036 2538 1154 2599 nimium
1164 2546 1194 2597 61
1204 2559 1313 2618 parum
1324 2536 1336 2612 ;’

354 2649 418 2706 quae
435 2627 530 2706 placet
543 2628 749 2706 Peripateticis,
761 2634 790 2686 et
803 2636 882 2686 recte
897 2629 1008 2706 placet:
1023 2629 1110 2687 modo
1124 2649 1160 2688 ne
1174 2630 1333 2692 laudarent

307 2724 339 2777 14
354 2719 537 2787 iracundiam,
552 2726 582 2777 et
602 2719 736 2787 dicerent,
756 2718 864 2776 utiliter
883 2738 900 2776 a
920 2726 1022 2776 natura
1044 2719 1148 2778 datam.
1190 2721 1246 2779 Illa
1259 2742 1332 2784 vero

353 2810 484 2868 omnibus
505 2810 534 2867 in
556 2810 642 2868 rebus
662 2809 841 2888 repudianda
861 2815 913 2877 est,
935 2811 1160 2887 optandumque,
1177 2818 1210 2869 ut
1229 2812 1258 2880 ii,
1279 2816 1332 2892 qni

355 2908 485 2980 praesunt
498 2901 539 2958 rei
552 2901 685 2978 publieae,
700 2901 799 2978 legum
820 2899 924 2957 similes
938 2900 1001 2968 siut,
1016 2919 1082 2978 quae
1098 2901 1135 2958 ad
1149 2901 1330 2979 puniendum

353 3011 410 3050 non
422 2992 575 3061 iracundia,
591 2993 643 3050 sed
657 2991 793 3069 aequitate
808 2989 960 3048 ducuntur.
1073 3026 1079 3039 ·

394 3174 502 3230 XXVI.
524 3173 623 3249 Atque
638 3180 722 3230 etiam
741 3172 770 3229 in
789 3174 876 3231 rebus
897 3158 1084 3249 prosperis'ct
1098 3172 1135 3230 ad
1148 3175 1330 3236 voluntatem

355 3269 482 3320 nostram
502 3263 656 3319 fluentibus
676 3262 840 3338 superbiam
858 3281 964 3339 magno
978 3280 1072 3339 opere,
1087 3263 1233 3321 fastidium
1248 3284 1329 3325 1116-

321 3353 538 3431 2gantiamquc
560 3351 712 3428 fugiamus.
754 3338 831 3408 Nam'
851 3358 885 3409 ut
905 3351 1039 3410 adversas
1059 3373 1113 3421 reS,
1129 3354 1169 3412 sic
1183 3357 1329 3416 secundas

353 3441 540 3501 immoderate
560 3441 633 3497 ferre
653 3440 775 3498 levitatis
796 3448 858 3499 est:
880 3442 1075 3520 praeclaraque
1089 3452 1134 3501 est
1148 3446 1328 3522 aequabilitas
1361 3462 1365 3469 ’

354 3531 472 3591 inomni
485 3531 552 3599 vita,
569 3538 598 3588 et
616 3530 693 3588 idem
714 3549 828 3608 semper
841 3533 938 3590 vultus
959 3533 1119 3610 eademque
1138 3534 1225 3602 frons,
1240 3544 1275 3594 ut
1289 3537 1328 3596 de

322 3632 339 3682 3
356 3624 473 3682 Socrate
484 3621 608 3698 itemque
620 3621 655 3678 de
668 3621 700 3679 Ο.
712 3621 802 3680 Laelio
815 3622 986 3700 accepimus
1021 3623 1188 3701 Philippum
1198 3625 1327 3702 quidem,

353 3711 545 3770 Macedonum
567 3729 675 3801 regem,
690 3712 775 3768 rebus
794 3712 884 3790 gestis
898 3719 927 3768 et
941 3713 1031 3790 gloria
1045 3721 1212 3791 superatum
1226 3734 1244 3772 a
1257 3717 1327 3788 filio,

266 3854 272 3867 ,
323 3809 339 3861 4
354 3800 488 3861 facilitate
499 3808 528 3860 et
538 3801 714 3860 humanitate
725 3802 807 3860 video
820 3803 994 3880 superiorem
1004 3804 1099 3862 fuisse.
1135 3806 1239 3883 Itaque
1252 3796 1328 3868 alter

262 3894 271 3983 ζ
354 3913 467 3971 semper
479 3911 609 3971 magnus,
625 3893 697 3951 alter
711 3912 790 3970 saepe
810 3893 1007 3971 turpissimus:
1029 3902 1062 3953 ut
1074 3902 1153 3954 recte
1166 3897 1327 3977 praecipere

263 3992 267 4001 ’
353 3985 510 4052 videantur,
530 3983 579 4062 qui
602 3988 726 4050 mouent,
747 3992 789 4050 ut,
810 3990 918 4062 quanto
940 3985 1098 4062 superiores
1119 4004 1227 4053 sumus,
1242 3994 1326 4049 tanto
