3259 4775
302 529 339 586 72
721 548 758 586 nn
773 547 899 588 omens

353 682 397 734 est
407 675 489 743 enim,
498 694 584 752 quarn
592 676 781 753 eloquentiam
789 675 920 756 dicimus)
931 697 939 746 ;
954 677 1005 736 sed
1015 687 1113 738 tamen
1122 679 1307 740 difficiledictu

353 771 405 831 est,
420 773 525 840 quanto
539 784 624 842 opere
639 767 766 824 conciliet
779 767 888 825 animos
907 769 1026 826 comitas
1040 769 1248 848 affabilitasque
1259 787 1305 828 sea·

322 861 339 912 2
353 855 451 912 monis.
483 855 589 912 Extant
603 856 740 932 epistolae,
755 864 785 914 et
797 857 925 934 Philippi
937 857 975 916 ad
989 858 1199 928 Alexandrum,
1214 867 1242 918 et
1253 860 1302 917 m-

353 944 447 1021 tipatri
454 944 492 1000 ad
503 944 703 1012 Cassandrum,
714 953 743 1002 et
751 946 889 1024 Antigoni
899 947 937 1004 ad
947 947 1114 1026 Philippum
1125 949 1221 1018 filium,
1230 949 1299 1008 aim

353 1033 643 1113 prudentissimorum,
661 1033 712 1114 (sic
728 1035 802 1091 enim
819 1035 1002 1113 accepimus)
1017 1038 1123 1114 quibus
1139 1038 1303 1116 precipiunt.

353 1131 387 1182 ut
409 1124 533 1182 oratioue
553 1124 678 1201 benigna
699 1124 887 1182 multitudinis
907 1125 1014 1184 animos
1034 1127 1073 1184 ad
1098 1127 1294 1187 benivolentiam

321 1222 338 1271 3
353 1214 484 1281 alliciant,
495 1213 652 1291 militesque
666 1213 770 1271 blande
780 1214 951 1291 appellando
962 1214 1106 1276 deliniant.
1135 1218 1206 1288 Quae
1216 1223 1292 1276 autem

353 1305 382 1363 in
395 1303 574 1362 multitudine
588 1323 652 1361 cum
670 1303 847 1360 contentione
867 1303 989 1362 habetur
1001 1307 1100 1374 oratio,
1115 1326 1150 1365 ea
1163 1326 1236 1386 saepe
1246 1305 1290 1364 mi

321 1401 339 1452 4
353 1413 464 1452 versam
477 1393 589 1451 excitat.
617 1393 723 1470 Magna
733 1400 777 1450 ost
791 1393 864 1450 enim
875 1392 1023 1454 admiratio
1034 1396 1148 1474 copiose
1161 1397 1289 1475 sapienta·

354 1502 409 1560 que
423 1483 558 1540 dicentis:
581 1501 666 1559 quem
686 1482 734 1558 qui
754 1483 881 1550 audiunt,
896 1483 1054 1562 intelligere
1072 1487 1158 1544 etiam
1171 1494 1200 1545 et
1212 1501 1288 1564 sepem

322 1574 419 1650 tplus
443 1591 528 1649 quam
552 1579 660 1628 ceteros
684 1572 862 1656 arbitrantur:
904 1573 935 1631 Si
958 1593 1025 1633 vero
1045 1575 1119 1633 inest
1141 1576 1170 1634 in
1189 1576 1288 1634 oratioue

353 1664 440 1720 mixta
459 1661 606 1719 modestia>
625 1662 760 1739 gravitas,
775 1662 843 1719 nihil
857 1663 1048 1722 admirabilius
1061 1665 1122 1723 fieri
1136 1673 1240 1743 potest;
1255 1681 1288 1722 eo

321 1761 408 1831 (tque
421 1753 521 1831 magis,
537 1752 607 1810 sica
621 1758 687 1809 suut
706 1751 735 1808 iu
753 1751 942 1812 adolescente.
984 1753 1052 1823 Sed,
1067 1755 1210 1814 cum'sint
1228 1754 1286 1832 plum

353 1864 501 1902 causarum
522 1862 633 1922 genera,
650 1861 714 1918 quae
735 1841 924 1918 eloquentiam
945 1842 1115 1913 desiderent,
1130 1841 1290 1922 multiqueii

352 1943 449 1992 nostra
461 1954 492 1991 re
506 1933 620 2010 publica
631 1931 824 1989 adolescentes
835 1939 864 1988 et
874 1933 952 2010 apud
963 1933 1083 2009 judices,
1095 1941 1125 1992 et
1135 1935 1210 2012 apud
1220 1951 1289 2012 popu·

353 2026 421 2091 lum,
436 2031 466 2080 et
479 2021 557 2099 apud
571 2029 702 2079 senatum
716 2021 835 2079 dicendo
848 2021 964 2079 laudem
978 2023 1101 2081 assecuti
1114 2025 1177 2092 sint,
1191 2021 1290 2082 maxim!

322 2116 337 2173 'l
353 2122 396 2172 est
410 2112 557 2169 admiratio
570 2111 598 2168 in
610 2112 739 2189 judiciis:
761 2131 882 2190 quorum
896 2112 967 2170 ratio
981 2112 1088 2191 duplex
1102 2121 1154 2173 est.
1188 2113 1256 2172 Nam
1265 2127 1290 2167 ex

353 2201 530 2261 accusatione
540 2209 569 2260 et
579 2202 739 2260 defensione
750 2207 876 2260 constat:
891 2220 1011 2280 quarum
1024 2203 1077 2260 etsi
1090 2202 1250 2262 laudabilior
1260 2203 1292 2258 d

322 2302 339 2353 8
354 2292 489 2360 defensio,
504 2299 600 2350 tamen
620 2293 705 2350 etiam
724 2291 865 2349 accusatio
880 2292 1000 2368 probata
1013 2311 1143 2371 persaepe
1157 2299 1208 2352 est.
1243 2285 1292 2349 uni

354 2382 439 2461 paulo
453 2390 518 2440 ante
532 2382 568 2440 de
583 2383 694 2441 Crasso.
736 2382 818 2440 Idem
838 2381 906 2439 fecit
926 2380 1089 2440 adolescens
1108 2383 1148 2442 M.
1162 2379 1290 2443 Anum

354 2473 445 2530 Etiam
460 2473 492 2530 P.
505 2472 621 2549 Sulpicii
635 2472 823 2549 eloquentiam
836 2472 977 2529 accusatio
991 2472 1150 2542 illustravit,
1163 2493 1226 2532 cum
1238 2468 1290 2529 sedi·

354 2564 456 2621 tiosum
470 2570 500 2620 ct
513 2563 640 2620 inutilem
654 2563 752 2629 civem,
769 2563 800 2620 (l.
815 2561 990 2629 Norbanum,
1005 2562 1035 2619 in
1045 2562 1185 2640 judicium
1194 2558 1290 2622 vocavit

322 2653 412 2713 ebed
433 2654 487 2711 hoc
502 2653 615 2730 quidem
636 2673 691 2710 non
712 2660 755 2710 cst
774 2670 851 2728 saepc
870 2650 1040 2718 faciendum,
1055 2671 1108 2710 nec
1123 2643 1292 2731 unquamnia¹

353 2751 403 2802 aut
422 2744 463 2801 rei
482 2743 604 2821 publicae
626 2749 767 2809 causant
784 2741 810 2807 ii,
826 2760 897 2817 quos
911 2748 976 2798 ante
990 2741 1066 2809 dixi;
1087 2749 1139 2800 aut
1152 2734 1291 2802 monenti

353 2841 385 2893 ut
399 2834 456 2892 duo
470 2833 599 2901 Luculli;
621 2840 670 2890 aut
685 2831 838 2910 patrocinii,
850 2837 883 2887 ut
896 2850 948 2887 nos
962 2850 1014 2907 pro
1028 2831 1138 2900 Siculis,
1151 2851 1202 2911 pro
1216 2824 1293 2891 sardia

353 2926 381 2982 iu
396 2925 519 2984 Albucio
532 2924 632 2983 Julius.
668 2923 703 2980 In
717 2919 877 2979 accusando
891 2920 974 2978 etiam
990 2921 1038 2978 M’.
1054 2921 1181 2998 Aquillio
1194 2922 1226 2981 L.
1239 2910 1294 2979 Fut

306 3020 339 3073 10
354 3017 466 3095 cognita
480 3015 616 3073 industria
630 3020 681 3072 est.
712 3011 806 3070 Semel
820 3010 914 3088 igitur,
927 3017 977 3067 aut
990 3029 1046 3067 nou
1060 3030 1138 3087 saepe
1151 3019 1233 3070 certe.
1257 3004 1294 3065 su

354 3106 415 3173 erit,
432 3106 476 3164 cui
497 3105 657 3162 faciendum
679 3104 715 3160 sit
735 3101 848 3178 saepius
863 3099 903 3157 rei
923 3100 1045 3176 publicai
1060 3101 1168 3159 tribuat
1183 3103 1236 3159 hoc
1247 3112 1294 3159 mu·

353 3196 434 3261 neria,
450 3194 531 3271 cujus
544 3193 667 3250 inimicos
680 3191 775 3249 ulcisci
790 3190 902 3267 saepiuS,
911 3209 967 3247 nou
981 3197 1024 3246 est
1038 3188 1294 3267 reprehendendum·

305 3290 338 3341 il
355 3283 458 3341 Modus
478 3290 574 3339 tamen
593 3279 675 3337 adsit.
716 3279 787 3336 Duri
805 3281 879 3337 enim
893 3279 1020 3348 hominis,
1035 3280 1080 3337 vel
1095 3280 1190 3357 potius
1202 3280 1247 3339 vix
1257 3278 1295 3337 bt

305 3380 340 3431 12
353 3372 441 3438 minis,
454 3371 571 3436 videtur,
584 3367 740 3446 periculum
751 3369 850 3445 eapitis
864 3370 964 3427 infame
978 3370 1082 3427 multis.
1111 3370 1148 3429 Id
1162 3390 1228 3429 cum
1240 3362 1297 3449 peti·

355 3461 482 3518 culosum
495 3459 548 3537 ipsi
559 3465 611 3526 est,
623 3465 685 3515 tum
699 3456 783 3515 etiam
795 3459 940 3517 sordidum
951 3459 987 3516 ad
1001 3459 1117 3528 famam,
1129 3458 1300 3521 committere

354 3557 387 3607 ut
401 3556 548 3606 accusator
561 3548 721 3606 nominere:
743 3548 820 3625 quod
835 3548 954 3625 contigit
967 3549 1006 3606 M.
1022 3549 1121 3617 Bruto,
1136 3568 1248 3609 summo
1260 3562 1300 3627 gt·

355 3659 421 3697 nere
442 3645 518 3705 nate,
533 3639 606 3696 illius
629 3639 692 3705 filio,
708 3640 755 3715 qui
776 3638 847 3715 juris
868 3638 953 3695 civilis
972 3637 999 3695 in
1018 3638 1115 3716 primis
1129 3638 1238 3715 peritus
1250 3634 1307 3697 fuit»

306 3737 340 3789 13
357 3728 455 3806 Atque
469 3729 552 3785 etiam
567 3730 621 3786 hoc
636 3735 813 3805 pracceptum
828 3728 910 3785 officii
924 3727 1072 3806 diligenter
1092 3728 1248 3786 tenendum
1261 3732 1306 3793 et,

355 3838 485 3896 nequem
495 3837 621 3894 unquam
630 3818 806 3875 innocentem
819 3816 925 3895 judicio
936 3817 1034 3894 capitis
1046 3836 1187 3875 arcessas:
1202 3817 1232 3875 id
1241 3816 1309 3877 enim

309 3918 342 3969 14
357 3910 415 3968 sine
425 3909 530 3967 scelere
541 3908 600 3965 fieri
613 3907 691 3965 nullo
705 3915 789 3984 pacto
803 3913 906 3984 potest.
935 3906 1011 3964 Nam
1021 3906 1090 3983 quid
1101 3914 1145 3965 est
1158 3914 1220 3965 tam
1233 3907 1305 3967 inhu
