3259 4775
359 581 395 633 82
772 591 811 628 DE
833 590 961 629 ormena

381 722 439 780 'r'et
453 720 604 799 prudentia
619 720 790 798 consilioque
801 719 922 778 fidentis.
964 719 1081 777 Temere
1092 726 1189 778 autem
1202 717 1231 777 in
1245 718 1309 779 acio
1319 737 1383 779 ver·

409 812 473 879 sari,
489 818 518 869 et
531 831 618 869 manu
638 830 704 869 cum
723 811 807 868 hoste
821 810 982 887 confligere,
997 810 1120 868 immane
1133 809 1270 888 quiddam
1285 817 1317 869 et
1330 811 1384 869 be·

410 901 521 959 luarum
542 902 631 960 simile
645 908 698 969 est,
713 900 764 958 sed
786 920 853 958 eum
875 907 989 977 tempus
1009 899 1219 977 necessitasque
1239 901 1384 978 postulat,

408 992 615 1050 decertandum
643 1010 731 1049 mann
758 998 810 1059 est,
834 997 863 1048 et
890 1008 968 1047 mors
996 990 1125 1048 servituti
1151 989 1384 1070 turpitudinique

408 1083 614 1161 anteponenda.
638 1120 666 1173 ν

448 1263 557 1322 XXIV.
579 1264 624 1321 De
637 1262 798 1322 evertendis
817 1268 914 1319 autem
928 1261 1147 1340 diripiendisque
1161 1261 1279 1320 urbibus
1293 1261 1383 1322 valde

409 1353 647 1412 considerandum
661 1359 713 1420 est,
729 1371 765 1409 ne
779 1352 849 1429 quid
862 1358 978 1420 temere,
992 1371 1029 1408 ne
1043 1352 1112 1429 quid
1127 1351 1285 1410 crudeliter.
1297 1344 1301 1351 ’
1328 1351 1382 1410 Id-

409 1463 466 1529 que
475 1451 519 1501 est
529 1444 581 1501 viri
592 1442 696 1520 magni,
707 1443 792 1500 rebus
805 1442 930 1521 agitatis
942 1442 1042 1521 punire
1051 1449 1155 1510 sontes,
1166 1441 1382 1501 multitudinem

377 1539 392 1591 2
408 1552 584 1601 conservare,
595 1533 623 1589 in
632 1533 708 1591 omni
718 1534 834 1589 fortuna
845 1541 923 1590 reeta
934 1540 1021 1610 atque
1035 1534 1156 1591 honesta
1166 1532 1294 1591 retinere.
1336 1531 1384 1590 Ut

407 1624 481 1680 enim
496 1629 570 1691 sunt,
586 1623 830 1700 quemadmodum
845 1622 1011 1699 supradixi,
1027 1624 1076 1701 qui
1090 1623 1203 1681 urbanis
1217 1623 1302 1680 rebus
1316 1623 1382 1682 bel·

407 1714 476 1772 licas
496 1721 688 1792 anteponant:
709 1713 749 1771 sic
769 1713 894 1791 reperias
914 1713 1028 1780 multos,
1045 1713 1148 1790 quibus
1169 1711 1327 1790 periculosa
1348 1721 1382 1772 et

408 1804 499 1863 calida
519 1805 634 1863 consilia
646 1805 750 1881 quietis
768 1810 798 1861 et
818 1803 948 1882 cogitatis
968 1811 998 1861 et
1019 1803 1210 1881 splendidiora
1224 1810 1254 1860 et
1266 1802 1382 1880 majora

407 1895 564 1954 videantur.
608 1897 763 1972 Nunquam
784 1895 898 1952 omnino
919 1894 1036 1971 periculi
1056 1894 1128 1972 fuga
1142 1892 1382 1953 committendum

375 1992 392 2042 3
408 1993 509 2053 estut
528 1986 656 2044 imbelles
677 1985 824 2061 timidique
840 1985 995 2042 videamur.
1037 1983 1095 2041 Sed
1116 1983 1283 2061 fugiendum
1305 1984 1382 2043 illud

407 2075 502 2142 etiam,
516 2094 551 2132 ne
566 2075 717 2132 offeramus
738 2093 790 2131 nos
810 2073 941 2151 perieulis
962 2074 1021 2131 sine
1036 2093 1138 2132 causa:
1161 2092 1218 2151 quo
1233 2092 1294 2131 esse
1308 2074 1382 2134 nihil

375 2171 393 2221 4
408 2173 503 2243 potest
514 2165 635 2223 stultius.
678 2165 862 2242 Quapropter
871 2164 900 2221 in
911 2163 1048 2221 adeundis
1060 2163 1191 2241 perieulis
1201 2165 1382 2224 consuetudo

407 2255 542 2312 imitanda
561 2253 737 2312 medicorum
757 2261 809 2322 est,
825 2254 874 2332 qui
897 2254 997 2311 leviter
1020 2260 1193 2332 aegrotantes
1213 2253 1315 2312 leniter
1329 2274 1382 2313 eu·

407 2352 479 2413 rant,
494 2344 670 2425 gravioribus
683 2352 781 2403 autem
794 2344 900 2404 morbis
921 2343 1094 2423 periculosas
1109 2345 1268 2403 curationes
1283 2349 1313 2404 et
1327 2363 1380 2403 an-

374 2445 392 2495 ὅ
408 2436 506 2513 cipites
520 2436 655 2494 adhibere
666 2442 815 2514 coguntur.
858 2437 952 2506 Quare
966 2435 995 2492 in
1008 2436 1160 2513 tranquillo
1174 2442 1382 2513 tempestatem

406 2526 556 2583 adversam
576 2534 676 2603 optare
697 2526 836 2584 dementis
857 2532 909 2593 est,
925 2526 1074 2583 subvenire
1096 2532 1192 2583 autem
1212 2528 1381 2603 tempestati

406 2615 504 2694 quavis
524 2616 632 2674 ratione
653 2616 803 2694 sapientis:
826 2635 918 2693 eoque
937 2615 1037 2694 magis,
1053 2615 1076 2672 si
1096 2616 1160 2693 plus
1175 2614 1333 2693 adipiscare
1346 2636 1381 2676 re

375 2706 549 2783 texplieata
572 2707 647 2775 boni,
668 2725 756 2785 quam
775 2706 946 2764 addubitata
968 2705 1043 2763 mali.
1084 2704 1258 2764 Periculosae
1280 2714 1380 2766 autem

407 2816 502 2855 rerum
522 2797 646 2855 actiones
667 2797 771 2875 partim
791 2797 824 2854 iis
845 2803 921 2864 sunt,
946 2795 994 2873 qni
1013 2814 1061 2853 eas
1082 2796 1248 2874 suscipiunt,
1272 2797 1378 2874 partim

406 2887 596 2965 reipublicae.
639 2887 769 2965 Itemque
790 2887 837 2944 alii
858 2886 975 2954 devita,
991 2886 1038 2944 alii
1059 2886 1095 2943 de
1115 2886 1206 2966 gloria
1219 2895 1249 2944 et
1263 2887 1380 2946 benivo-

375 2977 391 3035 7
406 2977 493 3036 lentie
507 2978 609 3036 civium
623 2977 652 3035 in
666 2978 817 3036 discrimen
830 2984 977 3036 vocantur.
1018 2976 1212 3053 Promptiores
1226 2977 1313 3055 igitur
1327 2977 1378 3035 de·

406 3069 508 3127 bemu's
528 3088 590 3127 esse
612 3069 650 3126 ad
673 3076 771 3127 nostra
793 3069 928 3147 pericula,
944 3086 1030 3145 quam
1051 3067 1089 3124 ad
1109 3068 1279 3135 communia,
1294 3066 1380 3128 dimi-

407 3177 527 3238 careque
548 3159 675 3237 paratius
688 3158 725 3217 de
738 3160 846 3218 honore
861 3166 890 3217 et
905 3159 1003 3237 gloria,
1018 3176 1103 3235 quam
1126 3156 1163 3215 de
1184 3157 1283 3215 ceteris
1297 3176 1379 3218 com·

375 3255 392 3306 8
406 3249 506 3307 modis.
548 3248 659 3305 Inventi
673 3256 770 3306 autem
783 3249 867 3307 multi
881 3255 956 3317 sunt,
971 3247 1021 3326 qui
1040 3267 1097 3304 non
1110 3247 1197 3305 modo
1215 3246 1378 3325 pecuniam,

406 3338 558 3397 sedetiam
572 3338 660 3395 vitam
681 3338 853 3415 profundere
875 3358 927 3417 pro
951 3339 1044 3416 patria
1065 3338 1158 3415 parati
1171 3345 1274 3406 essent,
1289 3338 1378 3398 iidem

406 3428 505 3507 gloriae
526 3428 667 3505 jacturam
689 3445 725 3484 ne
747 3428 893 3486 minimam
915 3429 1030 3506 quidem
1050 3429 1145 3487 facere
1165 3428 1278 3495 vellent,
1293 3447 1330 3486 ne
1344 3449 1378 3489 re

375 3526 392 3578 ‘l
408 3519 523 3597 publica
537 3517 652 3596 quidem
663 3518 835 3595 postulante.
871 3519 913 3576 Ut
923 3519 1127 3586 Callicratidas,
1140 3519 1197 3597 qui,
1210 3539 1276 3577 cum
1286 3518 1377 3578 Laee-

406 3609 610 3667 daemoniorum
623 3607 682 3665 dux
695 3608 796 3666 suisset
808 3609 1052 3687 Peloponnesiaco
1073 3608 1158 3677 bello,
1173 3609 1320 3685 multaque
1334 3608 1348 3666 f
1364 3642 1377 3653 -

407 3699 491 3758 cisset
511 3698 633 3778 egregia,
647 3699 732 3756 vertit
751 3699 789 3756 ad
809 3707 969 3757 extremum
991 3698 1092 3766 omnia,
1109 3719 1175 3756 cum
1190 3699 1304 3757 consilio
1317 3717 1378 3759 non

406 3789 502 3869 paruit
520 3808 626 3856 eorum,
642 3789 690 3866 qui
711 3790 831 3847 classem
852 3789 889 3846 ab
909 3788 1076 3868 Arginussis
1097 3787 1306 3855 removendam,
1321 3807 1376 3847 nec

407 3900 473 3939 eum
485 3880 709 3938 Atheniensibus
730 3878 922 3938 dimicandum
943 3880 1092 3957 putabant.
1135 3879 1245 3948 Quibus
1264 3878 1311 3936 ille
1330 3897 1376 3937 ro·

407 3970 532 4050 spondit,
556 3970 795 4038 Lacedaemenios,
824 3970 915 4028 classe
942 3969 991 4027 illa
1021 3968 1132 4036 amissa,
1161 3968 1245 4029 aliam
1273 3985 1376 4048 parare
