3259 4775
727 580 765 618 DE
780 578 907 620 omens

360 711 533 788 laudentque
553 728 596 778 ec,
611 728 677 787 quae
696 708 841 768 laudanda
858 727 915 766 non
928 707 994 777 sint,
1008 706 1046 766 ob
1060 723 1134 774 eam,
1149 705 1244 776 credo,
1256 724 1306 765 cau·

360 821 431 868 sam,
445 800 523 878 quod
537 800 602 858 insit
615 800 644 858 in
657 800 702 858 his
715 799 822 878 aliquid
835 798 926 878 probi,
940 797 1019 876 quod
1032 797 1129 875 capiat
1141 795 1262 875 ignaros,
1273 793 1310 874 qui

360 890 484 969 quidem,
512 891 580 968 quid
607 891 636 949 in
663 909 834 968 unaquaque
861 908 892 947 re
919 889 979 947 vitii
1005 888 1050 956 sit,
1080 893 1225 964 nequeant
1248 886 1310 965 jndi-

361 1001 433 1040 care.
475 981 578 1058 Itaque
599 1001 665 1040 cum
686 991 753 1038 sunt
767 980 845 1039 docti
859 979 997 1058 aperitis,
1012 979 1156 1039 desistunt
1168 980 1251 1039 facile
1262 999 1311 1040 seu·

360 1072 455 1131 tentia.
497 1071 551 1130 IV.
573 1072 646 1130 Hoec
666 1071 753 1150 igitur
773 1070 873 1138 officia,
888 1069 1042 1147 dequibus
1061 1070 1106 1128 his
1124 1071 1204 1130 libris
1217 1069 1311 1130 disset
1358 1069 1360 1124 i

360 1183 433 1231 mus,
444 1164 525 1241 quasi
535 1161 661 1221 secunda
670 1161 803 1239 quadam
818 1160 938 1219 honesta
951 1179 1014 1219 esse
1024 1160 1134 1230 dicunt,
1148 1181 1206 1220 non
1219 1162 1313 1240 sapien·

360 1254 431 1312 tium
441 1254 528 1332 modo
536 1252 658 1332 propria,
668 1251 718 1310 sed
730 1250 879 1310 cumomni
889 1250 1149 1330 hominumgenere
1158 1252 1311 1312 communia

361 1345 465 1422 Itaque
483 1344 527 1401 his
541 1362 647 1410 omnes,
662 1342 808 1420 inquibus
829 1349 872 1399 est
885 1340 997 1399 virtutis
1017 1341 1136 1410 indoles,
1151 1361 1313 1402 commoven-

329 1441 346 1493 2
361 1442 416 1493 tur.
458 1433 526 1496 Neo,
535 1453 602 1491 vero
622 1453 687 1490 cum
702 1432 760 1490 duo
774 1432 856 1490 Decii
873 1438 924 1491 aut
937 1430 996 1489 duo
1010 1431 1158 1510 Scipiones
1176 1433 1263 1492 fortes
1275 1431 1314 1490 riri

362 1530 626 1590 commemorantur,
641 1530 691 1580 aut
712 1543 777 1581 cum
790 1522 936 1581 Fabricius
950 1529 1001 1580 aut
1014 1522 1159 1581 Aristides
1169 1523 1265 1602 justus
1275 1541 1314 1581 no

361 1614 491 1682 minatur,
507 1621 557 1671 aut
577 1614 614 1672 ab
634 1612 688 1671 illis
711 1613 891 1681 fortitudinis,
907 1621 959 1672 aut
977 1613 1015 1673 ab
1036 1613 1081 1671 his
1098 1613 1238 1692 justitiae,
1255 1621 1314 1672 un·

330 1713 347 1764 8
362 1724 449 1783 quam
463 1724 481 1761 a
494 1704 630 1782 sapiente,
646 1704 753 1782 petitur
766 1704 938 1782 exemplum.
973 1704 1068 1763 Nemo
1083 1705 1159 1763 enim
1172 1706 1274 1764 horum
1284 1704 1315 1762 sis

362 1796 483 1874 sapiens,
493 1803 526 1854 ut
538 1795 695 1873 sapientem
706 1794 837 1853 volumus
856 1794 975 1873 intelligi
986 1814 994 1863 ;
1014 1814 1067 1853 nec
1081 1795 1109 1863 ii,
1124 1796 1175 1873 qui
1188 1796 1315 1875 sapienta

362 1887 452 1946 habiti
465 1894 495 1945 et
508 1886 652 1955 nominati,
668 1885 707 1944 M.
725 1885 799 1943 Cato
813 1892 843 1943 et
862 1886 895 1944 O.
911 1885 1024 1953 Laelius,
1039 1885 1185 1963 sapientes
1198 1888 1315 1952 suarna

362 1997 397 2036 ne
411 1979 450 2036 illi
461 1977 576 2054 quidem
590 1984 719 2054 septem:
741 1977 792 2034 sed
807 1995 843 2033 ex
856 1976 1014 2034 mediorum
1028 1976 1186 2036 officiorum
1200 1978 1315 2056 {requeis
1334 2027 1337 2032 .

330 2075 348 2126 4
363 2069 402 2126 tia
415 2067 625 2125 similitudinem
639 2066 782 2144 quandam
803 2067 942 2145 gerebant
955 2067 1137 2146 speciemque
1151 2051 1331 2147 sapientiurii⁴
1351 2141 1355 2154 .

364 2157 502 2228 Quocirca
521 2177 574 2215 ncc
594 2157 632 2224 id,
647 2157 726 2235 quod
740 2176 806 2215 vere
825 2158 976 2216 honestum
991 2163 1043 2226 est,
1057 2145 1163 2217 fasest
1177 2179 1244 2218 cum
1255 2156 1331 2217 utili·¹

362 2248 429 2306 tatis
440 2248 627 2327 repugnantia
638 2248 810 2326 comparari:
832 2248 934 2318 nec-id,
947 2248 1023 2326 quod
1035 2249 1225 2308 communiter
1234 2246 1317 2328 appel·

362 2339 455 2397 lamus
475 2340 636 2407 honestum,
652 2339 730 2416 quod
751 2338 852 2398 colitur
869 2339 906 2398 ab
920 2339 961 2408 iis,
976 2339 1025 2417 qui
1044 2340 1133 2399 bonos
1148 2360 1180 2400 se
1193 2341 1267 2400 viros
1278 2340 1317 2399 hs

363 2430 424 2488 beri
443 2431 551 2497 volunt,
573 2449 638 2487 cum
661 2430 858 2488 emolumentis
880 2450 1007 2507 unquam
1030 2438 1074 2490 est
1096 2432 1317 2510 comparandum

331 2530 348 2580 5
364 2521 489 2597 Tamque
510 2519 539 2576 id
559 2520 719 2587 honestum,
735 2521 813 2597 quod
833 2521 861 2578 in
874 2528 1001 2598 nostram
1015 2521 1233 2600 intelligentiam
1246 2520 1318 2586 cadit,

363 2611 501 2668 tuendum
515 2610 796 2688 conservandumque
809 2612 891 2670 nobis
905 2618 957 2680 est,
972 2631 1059 2689 quam
1073 2611 1153 2681 illud,
1169 2613 1249 2691 quod
1266 2629 1318 2691 pro

332 2708 349 2760 6
364 2701 425 2780 prie
439 2700 541 2759 dicitur
563 2719 685 2777 vereque
699 2708 743 2759 est
756 2703 917 2769 honestum,
930 2703 1112 2780 sapientibus.
1147 2704 1245 2762 Aliter
1258 2701 1320 2762 enim

363 2791 453 2849 teneri
474 2812 530 2850 non
550 2798 653 2869 potest,
670 2791 763 2868 siqua
783 2792 821 2849 ad
840 2793 974 2852 virtutem
995 2800 1039 2851 est
1059 2794 1136 2851 facta
1158 2792 1319 2873 progressio.

365 2883 424 2942 sed
443 2884 506 2941 haec
523 2883 638 2961 quidem
657 2882 693 2940 de
714 2882 755 2949 iis,
778 2883 827 2959 qui
846 2885 1057 2942 conservatione
1082 2884 1241 2943 officiorum
1260 2882 1320 2942 exis·

332 2975 348 3034 l
364 2976 501 3033 timantur
514 2975 587 3034 boni.
630 2974 685 3044 Qui
699 2981 794 3031 autem
809 2974 904 3031 omnia
918 2975 1074 3032 metiuntur
1087 2975 1286 3034 emolumentis
1297 2977 1321 3030 et

364 3066 528 3135 commodis,
543 3085 634 3144 neque
649 3084 683 3123 ea
695 3064 794 3123 volunt
808 3063 1021 3142 praeponderari
1034 3065 1192 3133 honestate,
1208 3066 1227 3124 ii
1241 3065 1322 3124 solent

363 3157 392 3214 in
407 3156 590 3215 deliberando
608 3157 761 3213 honestum
776 3175 843 3213 cum
856 3174 898 3222 eo,
913 3155 992 3232 quod
1005 3156 1074 3213 utile
1089 3162 1201 3232 putant,
1217 3172 1321 3234 eompu-

333 3253 350 3306 8
365 3266 442 3304 rare:
464 3247 531 3306 boni
544 3245 594 3304 viri
608 3265 664 3303 non
678 3245 777 3303 solent.
812 3246 914 3323 Itaque
928 3246 1066 3314 existimo,
1081 3245 1251 3315 Panaetium,
1265 3262 1323 3304 cum

365 3337 475 3402 dixerit,
494 3337 622 3393 homines
647 3335 736 3392 solere
758 3335 787 3392 iu
808 3338 863 3394 hac
883 3336 1093 3414 comparatione
1114 3335 1255 3405 dubitare,
1276 3337 1323 3394 hoc

365 3427 460 3504 ipsum
474 3426 602 3493 sensisse,
618 3425 695 3502 quod
710 3425 819 3493 dixerit,
840 3428 930 3486 solere
952 3426 1047 3495 modo,
1061 3445 1119 3484 non
1139 3427 1225 3485 etiam
1249 3443 1324 3504 opor·

333 3524 433 3576 litere.
474 3515 587 3573 Etenim
606 3535 663 3573 non
683 3516 771 3575 modo
790 3517 879 3594 pluris
898 3524 1001 3595 putare
1015 3517 1093 3595 quod
1107 3517 1178 3575 utile
1191 3516 1324 3582 videatur,

365 3624 451 3683 quam
465 3605 542 3682 quod
562 3607 724 3675 honestum,
739 3607 791 3666 sed
811 3608 874 3665 haec
893 3608 979 3666 etiam
992 3608 1064 3665 inter
1078 3626 1108 3664 se
1123 3626 1289 3686 comparare
1301 3610 1327 3663 et

365 3697 393 3755 in
407 3695 451 3753 his
465 3695 643 3766 addubitare,
659 3697 854 3776 turpissimum
869 3705 921 3756 est.

314 3873 351 3930 10
407 3866 482 3936 Quid
506 3885 577 3944 ergo
597 3874 649 3934 est,
673 3868 751 3944 quod
775 3887 979 3946 nonnunquam
1003 3866 1209 3926 dubitationem
1232 3867 1329 3927 afferre

367 3958 456 4017 soleat
471 3956 763 4037 considerandumque
774 3957 927 4016 videatur?
964 3957 1068 4027 Credo,
1083 3957 1237 4037 siquando
1251 3955 1327 4019 dubi·
