3259 4775
341 595 378 646 80
755 607 792 643 oa
813 604 941 645 orarous

342 741 377 795 la
392 736 427 794 In
434 735 564 793 omnibus
574 747 671 792 autem
680 734 809 812 negotiis,
821 734 898 812 prius
909 752 995 812 quam
1006 733 1183 812 aggrediare,
1194 734 1360 794 adhibenda

392 831 436 882 est
450 824 620 902 praeparatio
634 824 762 902 diligens.

430 983 526 1041 XXII.
548 982 607 1041 Sed
627 1002 692 1041 cum
711 982 838 1060 plerique
851 981 1030 1048 arbitrentur,
1045 1001 1090 1039 res
1105 982 1219 1041 bellicas
1232 981 1359 1060 majores

360 1078 376 1129 ‘2
392 1091 558 1150 essequam
571 1073 758 1140 urbanas,
772 1071 926 1129 minuenda
936 1072 1054 1130 esthaec
1063 1072 1166 1150 opinio.
1187 1072 1272 1131 Multi
1280 1073 1359 1132 enim

392 1163 467 1220 bella
481 1181 558 1240 saepe
571 1162 744 1240 quaesierunt
763 1169 881 1240 propter
901 1160 1000 1240 gloriae
1019 1161 1215 1240 cupiditatem.
1255 1163 1359 1241 Atque

391 1251 421 1309 id
434 1252 463 1310 in
476 1254 587 1331 magnis
601 1252 699 1309 animis
712 1252 887 1330 ingeniisque
908 1250 1075 1328 plerumque
1089 1252 1242 1331 contingit:
1264 1271 1358 1330 eoque

391 1342 491 1420 magis,
507 1342 530 1400 si
544 1342 661 1400 suntad
675 1360 736 1399 rem
749 1342 899 1399 militarem
912 1340 973 1418 apti
986 1347 1016 1399 et
1030 1341 1126 1420 cupidi
1145 1341 1285 1400 bellorum
1306 1361 1358 1422 gc·

358 1437 376 1488 3
391 1432 551 1489 rendorum.
592 1431 668 1489 Vere
682 1438 779 1490 autem
798 1431 823 1488 si
835 1431 967 1488 volumus
984 1430 1122 1508 judicare,
1137 1432 1236 1489 multae
1250 1451 1294 1489 res
1308 1451 1357 1490 ex-

358 1525 376 1576 4
391 1520 508 1578 titerunt
521 1521 638 1578 urbanae
651 1521 772 1599 majores
788 1521 976 1596 clarioresque
990 1540 1076 1598 quam
1089 1521 1206 1579 bellicae.
1249 1523 1357 1592 Quam-

390 1610 432 1668 vis
455 1610 530 1667 enim
554 1610 756 1668 Themistocles
780 1611 845 1688 jure
871 1609 1012 1677 laudetur,
1034 1618 1064 1669 et
1090 1611 1128 1668 sit
1154 1611 1222 1689 ejus
1243 1631 1357 1682 nomeu,

391 1719 476 1778 quam
497 1700 617 1770 Solonis,
630 1701 775 1769 illustrius,
790 1701 948 1777 citcturque
966 1700 1087 1758 Salamis
1101 1701 1262 1759 clarissima
1274 1703 1357 1760 testis

391 1790 523 1859 victoriae,
539 1809 603 1868 quae
623 1798 812 1869 anteponatur
833 1792 947 1850 consilio
968 1790 1079 1850 Solonis
1100 1791 1133 1859 ei,
1155 1810 1213 1868 quo
1233 1791 1357 1869 primum

391 1881 536 1940 constituit
549 1881 757 1960 Areopagitas:
779 1900 836 1939 non
849 1882 942 1940 minus
956 1881 1124 1959 praeclarum
1144 1881 1208 1948 hoc,
1224 1900 1310 1959 quam
1325 1883 1357 1940 il-

359 1978 376 2030 5
391 1971 442 2028 lud
460 1970 648 2048 judicandum
662 1978 713 2028 est.
755 1970 833 2028 Illud
847 1971 921 2028 enim
935 1971 1023 2029 semel
1045 1972 1160 2048 profuit,
1174 1971 1230 2029 hoc
1244 1990 1358 2049 semper

392 2059 520 2138 proderit
533 2059 647 2118 civitati.
688 2059 752 2118 Hoc
767 2060 882 2118 consilio
895 2061 973 2139 leges
988 2060 1213 2129 Atheniensium,
1228 2063 1283 2120 hoo
1296 2081 1357 2119 ma-

361 2150 486 2227 ssjorum
508 2148 636 2206 instituta
659 2155 814 2208 servantur.
855 2150 894 2208 Et
917 2151 1122 2209 Themistocles
1146 2152 1261 2229 quidem
1288 2152 1359 2211 nihil

392 2239 501 2307 dixerit,
512 2239 540 2296 in
553 2258 610 2316 quo
623 2238 684 2317 ipse
698 2239 887 2318 Areopagum
901 2240 1043 2319 adjuverit
1056 2259 1062 2298 ε
1084 2247 1115 2298 at
1128 2241 1174 2299 ille
1188 2260 1262 2311 vere,
1274 2241 1311 2299 ab
1327 2261 1359 2301 se

392 2328 524 2407 adjutum
544 2328 771 2389 Themistoclem.
812 2331 866 2389 Est
886 2331 960 2389 enim
980 2331 1087 2390 bellum
1107 2339 1222 2411 gestum
1243 2332 1359 2391 consilio

361 2420 377 2479 7
392 2426 507 2477 senatus
521 2420 592 2499 ejus,
607 2419 656 2497 qui
668 2438 686 2476 a
699 2420 803 2479 Solone
818 2427 879 2479 erat
892 2422 1070 2480 constitutus.
1111 2422 1191 2480 Licet
1205 2422 1305 2480 eadem
1321 2422 1359 2481 de

392 2510 534 2567 Pausania
554 2510 759 2588 Lysandroque
780 2511 883 2580 dicere,
899 2532 1021 2589 quorum
1042 2512 1128 2570 rebus
1148 2513 1237 2591 gestis
1257 2531 1358 2591 quam-

329 2637 363 2714 ff
392 2618 478 2677 quam
502 2598 652 2677 imperium
675 2600 896 2660 Lacedaemoniis
919 2599 1094 2681 [dilatatum]
1119 2609 1245 2681 putatur,
1260 2610 1359 2662 tamen

326 2693 328 2698 '
392 2708 427 2747 ne
447 2688 561 2747 minima
574 2689 690 2767 quidem
710 2710 746 2748 ex
769 2697 851 2769 parte
873 2691 999 2770 Lycurgi
1022 2691 1133 2770 legibus
1154 2698 1184 2749 et
1204 2692 1360 2771 disciplinae

393 2778 555 2837 conferendi
567 2784 642 2838 sunt.
683 2780 856 2849 Quinetiam
876 2782 913 2839 ob
933 2781 986 2839 has
1006 2780 1083 2859 ipsas
1098 2800 1198 2839 causas
1213 2790 1242 2839 et
1255 2801 1358 2860 paren-

361 2878 379 2929 8
393 2870 478 2928 tiores
491 2870 655 2928 habuerunt
665 2870 815 2938 exercitus,
828 2877 857 2929 et
869 2871 1008 2929 fortiores.
1049 2871 1121 2929 Mihi
1131 2871 1245 2949 quidem
1254 2891 1358 2950 neque,

394 2960 488 3038 pueris
508 2960 598 3029 nobis,
613 2960 653 3019 M.
669 2960 794 3018 Scaurus
809 2961 842 3019 O.
864 2960 964 3029 Mario,
978 2979 1080 3039 neque,
1095 2981 1161 3019 cum
1181 2981 1360 3021 versaremur

393 3052 421 3109 in
445 3070 476 3109 re
500 3051 623 3129 publica,
639 3051 674 3120 Q.
697 3051 817 3110 Catadus
839 3051 891 3110 On.
911 3050 1049 3129 Pompeio
1074 3051 1175 3110 cedere
1198 3052 1358 3113 videbatur.

307 3143 344 3216 at
363 3141 480 3200 llParvi
500 3141 575 3199 enim
595 3147 661 3198 sunt
683 3140 749 3198 foris
769 3159 858 3208 arma,
873 3140 926 3198 nisi
946 3148 989 3198 est
1008 3141 1154 3199 consilium
1167 3140 1273 3200 domi(
1293 3141 1359 3201 Neo

394 3231 458 3309 plus
473 3230 634 3297 Africanae,
649 3229 799 3307 singrdaris
818 3236 847 3287 et
860 3230 903 3288 vir
916 3237 945 3288 et
957 3231 1121 3308 imperator,
1135 3231 1164 3288 in
1183 3231 1361 3291 excindenda

394 3320 549 3378 Numantia
567 3318 608 3376 rei
626 3319 749 3396 publicae
762 3319 877 3396 profuit,
891 3338 978 3396 quam
991 3321 1092 3378 eodem
1106 3327 1235 3399 tempore
1248 3321 1282 3378 P.
1297 3320 1359 3379 Na-

394 3409 452 3467 sica
465 3409 600 3486 privatus,
611 3427 677 3466 cum
687 3407 727 3465 Ti.
741 3408 904 3467 Gracchum
916 3409 1064 3468 interemit.
1100 3410 1281 3488 Quamquam
1294 3411 1359 3470 haeo

394 3498 509 3577 quidem
528 3518 574 3556 res
594 3517 651 3556 non
672 3498 765 3555 solum
789 3518 827 3557 ex
847 3500 1003 3558 domestica
1027 3508 1072 3558 est
1096 3500 1222 3559 ratione:
1244 3500 1360 3579 attingit

395 3588 480 3647 etiam
501 3587 640 3655 bellicam,
655 3588 788 3665 quoniam
801 3590 830 3649 vi
852 3609 996 3667 manuque
1017 3590 1145 3648 confecta
1164 3597 1223 3648 est:
1245 3590 1296 3648 sed
1314 3597 1358 3648 ta-

346 3685 380 3738 10
394 3696 460 3735 men
482 3678 512 3735 id
535 3678 628 3756 ipsum
651 3685 695 3736 est
718 3686 834 3758 gestum
858 3681 972 3738 oonsilio
998 3680 1116 3747 urbano,
1140 3680 1199 3737 sine
1223 3680 1358 3740 exercitu.

396 3767 472 3824 Illud
492 3775 588 3852 autem
608 3769 747 3847 optimum
761 3776 813 3837 est,
829 3770 857 3826 in
871 3769 948 3846 quod
961 3768 1054 3827 invadi
1068 3769 1157 3827 solere
1171 3769 1208 3827 ab
1222 3768 1359 3847 improbis

394 3863 424 3915 at
437 3856 537 3916 invidis
550 3859 651 3918 audio:

491 3960 628 4030 *hemam
641 3991 722 4028 araca
736 3980 812 4046 tepea,
827 3970 952 4029 cmtccdat
966 3970 1061 4028 laurea
1077 3957 1201 4028 loadis'
