<?xml version="1.0" encoding="UTF-8"?>
<!DOCTYPE html PUBLIC "-//W3C//DTD XHTML 1.0 Transitional//EN"
    "http://www.w3.org/TR/xhtml1/DTD/xhtml1-transitional.dtd">
<html xmlns="http://www.w3.org/1999/xhtml" xml:lang="en" lang="en">
 <head>
  <title>
</title>
<meta http-equiv="Content-Type" content="text/html;charset=utf-8" />
  <meta name='ocr-system' content='tesseract 3.04.00' />
  <meta name='ocr-capabilities' content='ocr_page ocr_carea ocr_par ocr_line ocrx_word'/>
</head>
<body>
  <div class='ocr_page' id='page_1' title='image "./mtulliiciceroni00thacgoog_0060.png"; bbox 0 0 3259 4775; ppageno 0'>
   <div class='ocr_carea' id='block_1_1' title="bbox 366 581 966 634">
    <p class='ocr_par' dir='ltr' id='par_1_1' title="bbox 366 581 966 634">
     <span class='ocr_line' id='line_1_1' title="bbox 366 581 966 634; baseline -0.012 -1"><span class='ocrx_word' id='word_1_1' title='bbox 366 581 404 634; x_wconf 71' lang='lat'>5⁴2</span> <span class='ocrx_word' id='word_1_2' title='bbox 780 587 818 626; x_wconf 86' lang='lat' dir='ltr'>mr</span> <span class='ocrx_word' id='word_1_3' title='bbox 839 587 966 628; x_wconf 85' lang='lat' dir='ltr'>orrrcrrs</span> 
     </span>
    </p>
   </div>
   <div class='ocr_carea' id='block_1_2' title="bbox 370 715 1423 4030">
    <p class='ocr_par' dir='ltr' id='par_1_2' title="bbox 370 715 1423 4030">
     <span class='ocr_line' id='line_1_2' title="bbox 418 715 1387 794; baseline -0.003 -18"><span class='ocrx_word' id='word_1_4' title='bbox 418 717 657 776; x_wconf 83' lang='lat' dir='ltr'>animadversores</span> <span class='ocrx_word' id='word_1_5' title='bbox 667 717 806 783; x_wconf 87' lang='lat' dir='ltr'>vitiorum,</span> <span class='ocrx_word' id='word_1_6' title='bbox 818 736 923 793; x_wconf 82' lang='lat' dir='ltr'>magna</span> <span class='ocrx_word' id='word_1_7' title='bbox 936 734 1013 792; x_wconf 84' lang='lat' dir='ltr'>saepe</span> <span class='ocrx_word' id='word_1_8' title='bbox 1027 715 1220 793; x_wconf 77' lang='lat' dir='ltr'>intelligemus</span> <span class='ocrx_word' id='word_1_9' title='bbox 1234 734 1273 774; x_wconf 86' lang='lat' dir='ltr'>ex</span> <span class='ocrx_word' id='word_1_10' title='bbox 1284 715 1387 794; x_wconf 70' lang='lat' dir='ltr'>parvis</span> 
     </span>
     <span class='ocr_line' id='line_1_3' title="bbox 386 804 1385 882; baseline -0.002 -15"><span class='ocrx_word' id='word_1_11' title='bbox 386 815 402 866; x_wconf 80' lang='lat'>2</span> <span class='ocrx_word' id='word_1_12' title='bbox 418 809 461 867; x_wconf 80' lang='lat' dir='ltr'>Ex</span> <span class='ocrx_word' id='word_1_13' title='bbox 472 808 617 866; x_wconf 86' lang='lat' dir='ltr'>oculorum</span> <span class='ocrx_word' id='word_1_14' title='bbox 628 807 739 872; x_wconf 90' lang='lat' dir='ltr'>obtutu,</span> <span class='ocrx_word' id='word_1_15' title='bbox 749 827 784 863; x_wconf 73' lang='lat' dir='ltr'>er.</span> <span class='ocrx_word' id='word_1_16' title='bbox 798 807 1011 882; x_wconf 78' lang='lat' dir='ltr'>superciliorum</span> <span class='ocrx_word' id='word_1_17' title='bbox 1020 812 1071 862; x_wconf 87' lang='lat' dir='ltr'>aut</span> <span class='ocrx_word' id='word_1_18' title='bbox 1081 804 1245 863; x_wconf 79' lang='lat' dir='ltr'><strong>remissione</strong></span> <span class='ocrx_word' id='word_1_19' title='bbox 1256 816 1309 864; x_wconf 84' lang='lat' dir='ltr'>aut</span> <span class='ocrx_word' id='word_1_20' title='bbox 1323 826 1385 866; x_wconf 80' lang='lat' dir='ltr'>oon·</span> 
     </span>
     <span class='ocr_line' id='line_1_4' title="bbox 418 895 1386 964; baseline 0.001 -9"><span class='ocrx_word' id='word_1_21' title='bbox 418 898 562 964; x_wconf 75' lang='lat' dir='ltr'>tructione,</span> <span class='ocrx_word' id='word_1_22' title='bbox 584 916 619 954; x_wconf 85' lang='lat' dir='ltr'>ex</span> <span class='ocrx_word' id='word_1_23' title='bbox 641 896 783 963; x_wconf 84' lang='lat' dir='ltr'>moestitin,</span> <span class='ocrx_word' id='word_1_24' title='bbox 803 915 839 953; x_wconf 84' lang='lat' dir='ltr'>ex</span> <span class='ocrx_word' id='word_1_25' title='bbox 859 895 1007 962; x_wconf 77' lang='lat' dir='ltr'>hilaritate,</span> <span class='ocrx_word' id='word_1_26' title='bbox 1030 914 1066 952; x_wconf 86' lang='lat' dir='ltr'>ex</span> <span class='ocrx_word' id='word_1_27' title='bbox 1089 895 1156 962; x_wconf 89' lang='lat' dir='ltr'>risu,</span> <span class='ocrx_word' id='word_1_28' title='bbox 1178 914 1215 953; x_wconf 83' lang='lat' dir='ltr'>ex</span> <span class='ocrx_word' id='word_1_29' title='bbox 1234 895 1386 964; x_wconf 84' lang='lat' dir='ltr'>locutione,</span> 
     </span>
     <span class='ocr_line' id='line_1_5' title="bbox 418 985 1386 1054; baseline -0.001 -8"><span class='ocrx_word' id='word_1_30' title='bbox 418 1007 453 1046; x_wconf 83' lang='lat' dir='ltr'>ex</span> <span class='ocrx_word' id='word_1_31' title='bbox 474 986 627 1054; x_wconf 82' lang='lat' dir='ltr'>reticentia,</span> <span class='ocrx_word' id='word_1_32' title='bbox 647 1005 683 1043; x_wconf 87' lang='lat' dir='ltr'>ex</span> <span class='ocrx_word' id='word_1_33' title='bbox 701 986 878 1043; x_wconf 85' lang='lat' dir='ltr'>contentione</span> <span class='ocrx_word' id='word_1_34' title='bbox 892 985 968 1042; x_wconf 83' lang='lat' dir='ltr'>vocis</span> <span class='ocrx_word' id='word_1_35' title='bbox 983 991 1012 1042; x_wconf 92' lang='lat' dir='ltr'>et</span> <span class='ocrx_word' id='word_1_36' title='bbox 1025 985 1219 1053; x_wconf 83' lang='lat' dir='ltr'>submissione,</span> <span class='ocrx_word' id='word_1_37' title='bbox 1234 1004 1273 1043; x_wconf 84' lang='lat' dir='ltr'>ex</span> <span class='ocrx_word' id='word_1_38' title='bbox 1288 986 1386 1045; x_wconf 82' lang='lat' dir='ltr'>ceteris</span> 
     </span>
     <span class='ocr_line' id='line_1_6' title="bbox 417 1074 1385 1153; baseline 0 -19"><span class='ocrx_word' id='word_1_39' title='bbox 417 1078 553 1135; x_wconf 88' lang='lat' dir='ltr'>similibus</span> <span class='ocrx_word' id='word_1_40' title='bbox 575 1077 656 1134; x_wconf 86' lang='lat' dir='ltr'>facile</span> <span class='ocrx_word' id='word_1_41' title='bbox 675 1075 877 1153; x_wconf 86' lang='lat' dir='ltr'>judicabimus,</span> <span class='ocrx_word' id='word_1_42' title='bbox 893 1074 962 1151; x_wconf 94' lang='lat' dir='ltr'>quid</span> <span class='ocrx_word' id='word_1_43' title='bbox 983 1094 1081 1132; x_wconf 91' lang='lat' dir='ltr'>eorum</span> <span class='ocrx_word' id='word_1_44' title='bbox 1102 1082 1170 1152; x_wconf 88' lang='lat' dir='ltr'>apte</span> <span class='ocrx_word' id='word_1_45' title='bbox 1183 1075 1242 1142; x_wconf 89' lang='lat' dir='ltr'>fiat,</span> <span class='ocrx_word' id='word_1_46' title='bbox 1259 1076 1330 1153; x_wconf 91' lang='lat' dir='ltr'>quid</span> <span class='ocrx_word' id='word_1_47' title='bbox 1350 1077 1385 1134; x_wconf 89' lang='lat' dir='ltr'>ab</span> 
     </span>
     <span class='ocr_line' id='line_1_7' title="bbox 417 1164 846 1243; baseline -0.012 -16"><span class='ocrx_word' id='word_1_48' title='bbox 417 1167 507 1227; x_wconf 78' lang='lat' dir='ltr'>officio</span> <span class='ocrx_word' id='word_1_49' title='bbox 520 1172 678 1243; x_wconf 87' lang='lat' dir='ltr'>naturaque</span> <span class='ocrx_word' id='word_1_50' title='bbox 694 1164 846 1242; x_wconf 88' lang='lat' dir='ltr'>discrepet.</span> 
     </span>
     <span class='ocr_line' id='line_1_8' title="bbox 385 1253 1385 1334; baseline 0 -20"><span class='ocrx_word' id='word_1_51' title='bbox 385 1263 402 1314; x_wconf 82' lang='lat'><em>8</em></span> <span class='ocrx_word' id='word_1_52' title='bbox 457 1257 521 1326; x_wconf 79' lang='lat' dir='ltr'>Quo</span> <span class='ocrx_word' id='word_1_53' title='bbox 535 1256 563 1312; x_wconf 93' lang='lat' dir='ltr'>in</span> <span class='ocrx_word' id='word_1_54' title='bbox 576 1273 681 1334; x_wconf 85' lang='lat' dir='ltr'>genere</span> <span class='ocrx_word' id='word_1_55' title='bbox 696 1262 808 1311; x_wconf 89' lang='lat' dir='ltr'>nonest</span> <span class='ocrx_word' id='word_1_56' title='bbox 822 1253 1041 1320; x_wconf 88' lang='lat' dir='ltr'>incommodum,</span> <span class='ocrx_word' id='word_1_57' title='bbox 1052 1253 1137 1329; x_wconf 88' lang='lat' dir='ltr'>quale</span> <span class='ocrx_word' id='word_1_58' title='bbox 1147 1254 1274 1332; x_wconf 90' lang='lat' dir='ltr'>quidque</span> <span class='ocrx_word' id='word_1_59' title='bbox 1289 1275 1385 1314; x_wconf 89' lang='lat' dir='ltr'>eorum</span> 
     </span>
     <span class='ocr_line' id='line_1_9' title="bbox 417 1343 1382 1425; baseline 0.001 -22"><span class='ocrx_word' id='word_1_60' title='bbox 417 1347 461 1415; x_wconf 91' lang='lat' dir='ltr'>sit,</span> <span class='ocrx_word' id='word_1_61' title='bbox 477 1366 512 1404; x_wconf 87' lang='lat' dir='ltr'>err</span> <span class='ocrx_word' id='word_1_62' title='bbox 526 1345 586 1402; x_wconf 89' lang='lat' dir='ltr'>aliis</span> <span class='ocrx_word' id='word_1_63' title='bbox 597 1343 734 1423; x_wconf 85' lang='lat' dir='ltr'>judicare,</span> <span class='ocrx_word' id='word_1_64' title='bbox 745 1352 787 1411; x_wconf 89' lang='lat' dir='ltr'>ut,</span> <span class='ocrx_word' id='word_1_65' title='bbox 798 1344 823 1401; x_wconf 94' lang='lat' dir='ltr'>si</span> <span class='ocrx_word' id='word_1_66' title='bbox 836 1343 905 1420; x_wconf 91' lang='lat' dir='ltr'>quid</span> <span class='ocrx_word' id='word_1_67' title='bbox 916 1344 1054 1401; x_wconf 87' lang='lat' dir='ltr'>dedeceat</span> <span class='ocrx_word' id='word_1_68' title='bbox 1067 1344 1171 1413; x_wconf 89' lang='lat' dir='ltr'>inillis,</span> <span class='ocrx_word' id='word_1_69' title='bbox 1186 1345 1309 1403; x_wconf 86' lang='lat' dir='ltr'>vitemus</span> <span class='ocrx_word' id='word_1_70' title='bbox 1323 1345 1382 1425; x_wconf 88' lang='lat' dir='ltr'>ipsi</span> 
     </span>
     <span class='ocr_line' id='line_1_10' title="bbox 385 1433 1423 1512; baseline 0.001 -20"><span class='ocrx_word' id='word_1_71' title='bbox 385 1441 402 1492; x_wconf 81' lang='lat'>4</span> <span class='ocrx_word' id='word_1_72' title='bbox 417 1437 464 1493; x_wconf 89' lang='lat' dir='ltr'>Fit</span> <span class='ocrx_word' id='word_1_73' title='bbox 477 1435 551 1492; x_wconf 89' lang='lat' dir='ltr'>enim</span> <span class='ocrx_word' id='word_1_74' title='bbox 565 1433 659 1491; x_wconf 89' lang='lat' dir='ltr'>nescio</span> <span class='ocrx_word' id='word_1_75' title='bbox 673 1433 826 1509; x_wconf 89' lang='lat' dir='ltr'>quomodo,</span> <span class='ocrx_word' id='word_1_76' title='bbox 841 1440 874 1489; x_wconf 92' lang='lat' dir='ltr'>ut</span> <span class='ocrx_word' id='word_1_77' title='bbox 888 1434 977 1510; x_wconf 84' lang='lat' dir='ltr'>magis</span> <span class='ocrx_word' id='word_1_78' title='bbox 997 1433 1027 1490; x_wconf 93' lang='lat' dir='ltr'>in</span> <span class='ocrx_word' id='word_1_79' title='bbox 1046 1434 1107 1491; x_wconf 87' lang='lat' dir='ltr'>aliis</span> <span class='ocrx_word' id='word_1_80' title='bbox 1126 1453 1285 1502; x_wconf 87' lang='lat' dir='ltr'>cernamus,</span> <span class='ocrx_word' id='word_1_81' title='bbox 1300 1454 1382 1512; x_wconf 90' lang='lat' dir='ltr'>quarn</span> <span class='ocrx_word' id='word_1_82' title='bbox 1421 1462 1423 1475; x_wconf 81' lang='lat'><em>=</em></span> 
     </span>
     <span class='ocr_line' id='line_1_11' title="bbox 385 1521 1383 1600; baseline 0 -17"><span class='ocrx_word' id='word_1_83' title='bbox 385 1535 401 1583; x_wconf 86' lang='lat'><strong>5</strong></span> <span class='ocrx_word' id='word_1_84' title='bbox 416 1525 444 1582; x_wconf 92' lang='lat' dir='ltr'>in</span> <span class='ocrx_word' id='word_1_85' title='bbox 458 1524 599 1581; x_wconf 90' lang='lat' dir='ltr'>nobismet</span> <span class='ocrx_word' id='word_1_86' title='bbox 613 1523 689 1599; x_wconf 89' lang='lat' dir='ltr'>ipsis,</span> <span class='ocrx_word' id='word_1_87' title='bbox 700 1522 723 1578; x_wconf 92' lang='lat' dir='ltr'>si</span> <span class='ocrx_word' id='word_1_88' title='bbox 737 1522 805 1598; x_wconf 90' lang='lat' dir='ltr'>quid</span> <span class='ocrx_word' id='word_1_89' title='bbox 820 1521 1000 1599; x_wconf 88' lang='lat' dir='ltr'>delinquitur.</span> <span class='ocrx_word' id='word_1_90' title='bbox 1036 1523 1139 1600; x_wconf 88' lang='lat' dir='ltr'>Itaque</span> <span class='ocrx_word' id='word_1_91' title='bbox 1153 1523 1287 1581; x_wconf 81' lang='lat' dir='ltr'>facillime</span> <span class='ocrx_word' id='word_1_92' title='bbox 1301 1524 1383 1583; x_wconf 90' lang='lat' dir='ltr'>corri-</span> 
     </span>
     <span class='ocr_line' id='line_1_12' title="bbox 415 1611 1423 1692; baseline 0.003 -22"><span class='ocrx_word' id='word_1_93' title='bbox 415 1621 523 1692; x_wconf 85' lang='lat' dir='ltr'>guntur</span> <span class='ocrx_word' id='word_1_94' title='bbox 535 1613 563 1670; x_wconf 90' lang='lat' dir='ltr'>in</span> <span class='ocrx_word' id='word_1_95' title='bbox 577 1611 720 1680; x_wconf 89' lang='lat' dir='ltr'>discendo,</span> <span class='ocrx_word' id='word_1_96' title='bbox 736 1631 858 1690; x_wconf 88' lang='lat' dir='ltr'>quorum</span> <span class='ocrx_word' id='word_1_97' title='bbox 872 1612 939 1669; x_wconf 89' lang='lat' dir='ltr'>vitia</span> <span class='ocrx_word' id='word_1_98' title='bbox 957 1613 1103 1671; x_wconf 83' lang='lat' dir='ltr'>imitantur</span> <span class='ocrx_word' id='word_1_99' title='bbox 1116 1613 1287 1672; x_wconf 87' lang='lat' dir='ltr'>emendandi</span> <span class='ocrx_word' id='word_1_100' title='bbox 1300 1633 1383 1673; x_wconf 78' lang='lat' dir='ltr'>causa</span> <span class='ocrx_word' id='word_1_101' title='bbox 1421 1624 1423 1689; x_wconf 74' lang='grc' dir='ltr'>ξ</span> 
     </span>
     <span class='ocr_line' id='line_1_13' title="bbox 416 1694 1423 1782; baseline 0 -21"><span class='ocrx_word' id='word_1_102' title='bbox 416 1703 552 1782; x_wconf 83' lang='lat' dir='ltr'>magistri.</span> <span class='ocrx_word' id='word_1_103' title='bbox 1415 1694 1423 1707; x_wconf 79' lang='lat'>&#39;&#39;</span> 
     </span>
     <span class='ocr_line' id='line_1_14' title="bbox 385 1793 1383 1871; baseline 0.001 -18"><span class='ocrx_word' id='word_1_104' title='bbox 385 1801 402 1853; x_wconf 87' lang='lat'><strong>6</strong></span> <span class='ocrx_word' id='word_1_105' title='bbox 456 1795 518 1853; x_wconf 89' lang='lat' dir='ltr'>Nee</span> <span class='ocrx_word' id='word_1_106' title='bbox 531 1814 599 1853; x_wconf 87' lang='lat' dir='ltr'>vero</span> <span class='ocrx_word' id='word_1_107' title='bbox 621 1794 745 1852; x_wconf 87' lang='lat' dir='ltr'>alienum</span> <span class='ocrx_word' id='word_1_108' title='bbox 765 1801 817 1860; x_wconf 92' lang='lat' dir='ltr'>est,</span> <span class='ocrx_word' id='word_1_109' title='bbox 833 1793 870 1851; x_wconf 86' lang='lat' dir='ltr'>ad</span> <span class='ocrx_word' id='word_1_110' title='bbox 885 1812 919 1850; x_wconf 90' lang='lat' dir='ltr'>ea</span> <span class='ocrx_word' id='word_1_111' title='bbox 933 1793 1074 1871; x_wconf 86' lang='lat' dir='ltr'>eligenda,</span> <span class='ocrx_word' id='word_1_112' title='bbox 1090 1813 1155 1871; x_wconf 86' lang='lat' dir='ltr'>quae</span> <span class='ocrx_word' id='word_1_113' title='bbox 1179 1793 1383 1854; x_wconf 87' lang='lat' dir='ltr'>dubitationem</span> 
     </span>
     <span class='ocr_line' id='line_1_15' title="bbox 416 1883 1382 1961; baseline 0 -18"><span class='ocrx_word' id='word_1_114' title='bbox 416 1886 545 1953; x_wconf 84' lang='lat' dir='ltr'>afferrmt,</span> <span class='ocrx_word' id='word_1_115' title='bbox 560 1884 696 1943; x_wconf 86' lang='lat' dir='ltr'>adhibere</span> <span class='ocrx_word' id='word_1_116' title='bbox 710 1885 810 1942; x_wconf 92' lang='lat' dir='ltr'>doctos</span> <span class='ocrx_word' id='word_1_117' title='bbox 824 1883 961 1950; x_wconf 77' lang='lat' dir='ltr'>homines</span> <span class='ocrx_word' id='word_1_118' title='bbox 977 1883 1122 1941; x_wconf 81' lang='lat' dir='ltr'>ueletiam</span> <span class='ocrx_word' id='word_1_119' title='bbox 1140 1903 1196 1940; x_wconf 92' lang='lat' dir='ltr'>usu</span> <span class='ocrx_word' id='word_1_120' title='bbox 1215 1885 1333 1961; x_wconf 89' lang='lat' dir='ltr'>peritos,</span> <span class='ocrx_word' id='word_1_121' title='bbox 1347 1892 1382 1954; x_wconf 87' lang='lat' dir='ltr'>et,</span> 
     </span>
     <span class='ocr_line' id='line_1_16' title="bbox 385 1972 1384 2054; baseline -0.001 -20"><span class='ocrx_word' id='word_1_122' title='bbox 385 1976 401 2033; x_wconf 80' lang='grc'><strong>7</strong></span> <span class='ocrx_word' id='word_1_123' title='bbox 416 1976 484 2052; x_wconf 93' lang='lat' dir='ltr'>quid</span> <span class='ocrx_word' id='word_1_124' title='bbox 495 1972 531 2033; x_wconf 81' lang='lat' dir='ltr'>‘iis</span> <span class='ocrx_word' id='word_1_125' title='bbox 545 1975 581 2031; x_wconf 90' lang='lat' dir='ltr'>de</span> <span class='ocrx_word' id='word_1_126' title='bbox 596 1993 709 2050; x_wconf 90' lang='lat' dir='ltr'>quoque</span> <span class='ocrx_word' id='word_1_127' title='bbox 730 1973 812 2031; x_wconf 92' lang='lat' dir='ltr'>officii</span> <span class='ocrx_word' id='word_1_128' title='bbox 833 1991 937 2050; x_wconf 87' lang='lat' dir='ltr'>genere</span> <span class='ocrx_word' id='word_1_129' title='bbox 960 1973 1080 2051; x_wconf 86' lang='lat' dir='ltr'>placeat,</span> <span class='ocrx_word' id='word_1_130' title='bbox 1095 1973 1250 2049; x_wconf 84' lang='lat' dir='ltr'>exquirere.</span> <span class='ocrx_word' id='word_1_131' title='bbox 1293 1974 1384 2054; x_wconf 87' lang='lat' dir='ltr'>Major</span> 
     </span>
     <span class='ocr_line' id='line_1_17' title="bbox 417 2062 1383 2140; baseline 0.003 -19"><span class='ocrx_word' id='word_1_132' title='bbox 417 2065 491 2122; x_wconf 92' lang='lat' dir='ltr'>enirn</span> <span class='ocrx_word' id='word_1_133' title='bbox 505 2083 571 2140; x_wconf 85' lang='lat' dir='ltr'>pars</span> <span class='ocrx_word' id='word_1_134' title='bbox 585 2082 619 2120; x_wconf 90' lang='lat' dir='ltr'>eo</span> <span class='ocrx_word' id='word_1_135' title='bbox 632 2064 690 2120; x_wconf 88' lang='lat' dir='ltr'>fere</span> <span class='ocrx_word' id='word_1_136' title='bbox 705 2062 809 2119; x_wconf 84' lang='lat' dir='ltr'>deferri</span> <span class='ocrx_word' id='word_1_137' title='bbox 823 2062 903 2129; x_wconf 89' lang='lat' dir='ltr'>solet,</span> <span class='ocrx_word' id='word_1_138' title='bbox 919 2082 976 2139; x_wconf 90' lang='lat' dir='ltr'>quo</span> <span class='ocrx_word' id='word_1_139' title='bbox 990 2082 1008 2120; x_wconf 91' lang='lat' dir='ltr'>a</span> <span class='ocrx_word' id='word_1_140' title='bbox 1020 2070 1122 2120; x_wconf 90' lang='lat' dir='ltr'>natura</span> <span class='ocrx_word' id='word_1_141' title='bbox 1142 2064 1204 2140; x_wconf 88' lang='lat' dir='ltr'>ipsa</span> <span class='ocrx_word' id='word_1_142' title='bbox 1224 2062 1383 2124; x_wconf 88' lang='lat' dir='ltr'>deducitur.</span> 
     </span>
     <span class='ocr_line' id='line_1_18' title="bbox 417 2151 1385 2230; baseline 0.003 -20"><span class='ocrx_word' id='word_1_143' title='bbox 417 2154 452 2211; x_wconf 91' lang='lat' dir='ltr'>In</span> <span class='ocrx_word' id='word_1_144' title='bbox 465 2154 567 2230; x_wconf 88' lang='lat' dir='ltr'>quibus</span> <span class='ocrx_word' id='word_1_145' title='bbox 581 2151 736 2208; x_wconf 90' lang='lat' dir='ltr'>videndum</span> <span class='ocrx_word' id='word_1_146' title='bbox 756 2158 807 2218; x_wconf 90' lang='lat' dir='ltr'>est,</span> <span class='ocrx_word' id='word_1_147' title='bbox 823 2171 879 2209; x_wconf 90' lang='lat' dir='ltr'>non</span> <span class='ocrx_word' id='word_1_148' title='bbox 899 2152 985 2210; x_wconf 90' lang='lat' dir='ltr'>modo</span> <span class='ocrx_word' id='word_1_149' title='bbox 1005 2153 1074 2230; x_wconf 90' lang='lat' dir='ltr'>quid</span> <span class='ocrx_word' id='word_1_150' title='bbox 1096 2153 1215 2230; x_wconf 90' lang='lat' dir='ltr'>quisque</span> <span class='ocrx_word' id='word_1_151' title='bbox 1242 2153 1385 2230; x_wconf 89' lang='lat' dir='ltr'>loquatur,</span> 
     </span>
     <span class='ocr_line' id='line_1_19' title="bbox 416 2241 1386 2320; baseline 0.003 -20"><span class='ocrx_word' id='word_1_152' title='bbox 416 2244 467 2301; x_wconf 91' lang='lat' dir='ltr'>sed</span> <span class='ocrx_word' id='word_1_153' title='bbox 489 2243 574 2300; x_wconf 87' lang='lat' dir='ltr'>etiam</span> <span class='ocrx_word' id='word_1_154' title='bbox 597 2241 666 2318; x_wconf 91' lang='lat' dir='ltr'>quid</span> <span class='ocrx_word' id='word_1_155' title='bbox 686 2242 805 2319; x_wconf 91' lang='lat' dir='ltr'>quisque</span> <span class='ocrx_word' id='word_1_156' title='bbox 828 2242 940 2309; x_wconf 87' lang='lat' dir='ltr'>sentiat,</span> <span class='ocrx_word' id='word_1_157' title='bbox 956 2249 1043 2319; x_wconf 86' lang='lat' dir='ltr'>atque</span> <span class='ocrx_word' id='word_1_158' title='bbox 1064 2243 1150 2300; x_wconf 86' lang='lat' dir='ltr'>etiam</span> <span class='ocrx_word' id='word_1_159' title='bbox 1172 2262 1230 2320; x_wconf 91' lang='lat' dir='ltr'>qua</span> <span class='ocrx_word' id='word_1_160' title='bbox 1250 2242 1287 2301; x_wconf 89' lang='lat' dir='ltr'>de</span> <span class='ocrx_word' id='word_1_161' title='bbox 1301 2263 1386 2303; x_wconf 87' lang='lat' dir='ltr'>causa</span> 
     </span>
     <span class='ocr_line' id='line_1_20' title="bbox 385 2331 1386 2411; baseline 0.001 -18"><span class='ocrx_word' id='word_1_162' title='bbox 385 2341 402 2393; x_wconf 89' lang='lat'><em>8</em></span> <span class='ocrx_word' id='word_1_163' title='bbox 417 2334 536 2411; x_wconf 89' lang='lat' dir='ltr'>quisque</span> <span class='ocrx_word' id='word_1_164' title='bbox 550 2331 660 2389; x_wconf 90' lang='lat' dir='ltr'>sentiat.</span> <span class='ocrx_word' id='word_1_165' title='bbox 690 2332 732 2389; x_wconf 89' lang='lat' dir='ltr'>Ut</span> <span class='ocrx_word' id='word_1_166' title='bbox 743 2332 818 2390; x_wconf 90' lang='lat' dir='ltr'>enim</span> <span class='ocrx_word' id='word_1_167' title='bbox 829 2332 960 2409; x_wconf 88' lang='lat' dir='ltr'>pictores,</span> <span class='ocrx_word' id='word_1_168' title='bbox 971 2339 1000 2390; x_wconf 93' lang='lat' dir='ltr'>et</span> <span class='ocrx_word' id='word_1_169' title='bbox 1011 2332 1037 2400; x_wconf 92' lang='lat' dir='ltr'>ii,</span> <span class='ocrx_word' id='word_1_170' title='bbox 1047 2332 1097 2410; x_wconf 94' lang='lat' dir='ltr'>qui</span> <span class='ocrx_word' id='word_1_171' title='bbox 1110 2333 1191 2411; x_wconf 83' lang='lat' dir='ltr'>signa</span> <span class='ocrx_word' id='word_1_172' title='bbox 1200 2333 1386 2404; x_wconf 84' lang='lat' dir='ltr'>fabricantur,</span> 
     </span>
     <span class='ocr_line' id='line_1_21' title="bbox 416 2422 1387 2501; baseline 0.003 -20"><span class='ocrx_word' id='word_1_173' title='bbox 416 2431 445 2481; x_wconf 90' lang='lat' dir='ltr'>et</span> <span class='ocrx_word' id='word_1_174' title='bbox 459 2442 526 2481; x_wconf 90' lang='lat' dir='ltr'>vero</span> <span class='ocrx_word' id='word_1_175' title='bbox 540 2422 626 2480; x_wconf 84' lang='lat' dir='ltr'>etiam</span> <span class='ocrx_word' id='word_1_176' title='bbox 644 2430 747 2498; x_wconf 69' lang='lat' dir='ltr'>poetae,</span> <span class='ocrx_word' id='word_1_177' title='bbox 762 2442 847 2479; x_wconf 90' lang='lat' dir='ltr'>suum</span> <span class='ocrx_word' id='word_1_178' title='bbox 861 2422 979 2499; x_wconf 92' lang='lat' dir='ltr'>quisque</span> <span class='ocrx_word' id='word_1_179' title='bbox 994 2442 1066 2500; x_wconf 91' lang='lat' dir='ltr'>opus</span> <span class='ocrx_word' id='word_1_180' title='bbox 1081 2423 1200 2501; x_wconf 79' lang='lat' dir='ltr'>evulgo</span> <span class='ocrx_word' id='word_1_181' title='bbox 1215 2425 1387 2485; x_wconf 85' lang='lat' dir='ltr'>considerari</span> 
     </span>
     <span class='ocr_line' id='line_1_22' title="bbox 416 2511 1387 2593; baseline 0.002 -22"><span class='ocrx_word' id='word_1_182' title='bbox 416 2514 487 2581; x_wconf 84' lang='lat' dir='ltr'>vult,</span> <span class='ocrx_word' id='word_1_183' title='bbox 502 2519 544 2580; x_wconf 87' lang='lat' dir='ltr'>ut,</span> <span class='ocrx_word' id='word_1_184' title='bbox 559 2512 582 2569; x_wconf 90' lang='lat' dir='ltr'>si</span> <span class='ocrx_word' id='word_1_185' title='bbox 602 2511 671 2588; x_wconf 90' lang='lat' dir='ltr'>quid</span> <span class='ocrx_word' id='word_1_186' title='bbox 689 2512 894 2589; x_wconf 90' lang='lat' dir='ltr'>reprehensum</span> <span class='ocrx_word' id='word_1_187' title='bbox 918 2513 954 2569; x_wconf 92' lang='lat' dir='ltr'>sit</span> <span class='ocrx_word' id='word_1_188' title='bbox 975 2531 992 2569; x_wconf 88' lang='lat' dir='ltr'>a</span> <span class='ocrx_word' id='word_1_189' title='bbox 1012 2512 1149 2590; x_wconf 87' lang='lat' dir='ltr'>pluribus,</span> <span class='ocrx_word' id='word_1_190' title='bbox 1164 2513 1193 2570; x_wconf 90' lang='lat' dir='ltr'>id</span> <span class='ocrx_word' id='word_1_191' title='bbox 1208 2515 1387 2593; x_wconf 78' lang='lat' dir='ltr'>corrigatur3</span> 
     </span>
     <span class='ocr_line' id='line_1_23' title="bbox 416 2601 1385 2683; baseline 0.004 -23"><span class='ocrx_word' id='word_1_192' title='bbox 416 2603 501 2680; x_wconf 91' lang='lat' dir='ltr'>hique</span> <span class='ocrx_word' id='word_1_193' title='bbox 515 2609 544 2660; x_wconf 89' lang='lat' dir='ltr'>et</span> <span class='ocrx_word' id='word_1_194' title='bbox 558 2620 663 2669; x_wconf 88' lang='lat' dir='ltr'>secum,</span> <span class='ocrx_word' id='word_1_195' title='bbox 679 2608 708 2659; x_wconf 91' lang='lat' dir='ltr'>et</span> <span class='ocrx_word' id='word_1_196' title='bbox 722 2621 787 2659; x_wconf 88' lang='lat' dir='ltr'>cum</span> <span class='ocrx_word' id='word_1_197' title='bbox 801 2602 870 2669; x_wconf 89' lang='lat' dir='ltr'>aliis,</span> <span class='ocrx_word' id='word_1_198' title='bbox 886 2601 955 2678; x_wconf 92' lang='lat' dir='ltr'>quid</span> <span class='ocrx_word' id='word_1_199' title='bbox 968 2602 997 2659; x_wconf 92' lang='lat' dir='ltr'>in</span> <span class='ocrx_word' id='word_1_200' title='bbox 1011 2621 1046 2660; x_wconf 90' lang='lat' dir='ltr'>eo</span> <span class='ocrx_word' id='word_1_201' title='bbox 1061 2610 1211 2679; x_wconf 89' lang='lat' dir='ltr'>peccatum</span> <span class='ocrx_word' id='word_1_202' title='bbox 1226 2604 1272 2671; x_wconf 85' lang='lat' dir='ltr'>sit,</span> <span class='ocrx_word' id='word_1_203' title='bbox 1288 2606 1385 2683; x_wconf 86' lang='lat' dir='ltr'>exqui-</span> 
     </span>
     <span class='ocr_line' id='line_1_24' title="bbox 416 2691 1387 2768; baseline 0.003 -18"><span class='ocrx_word' id='word_1_204' title='bbox 416 2700 500 2750; x_wconf 90' lang='lat' dir='ltr'>runt:</span> <span class='ocrx_word' id='word_1_205' title='bbox 522 2692 561 2749; x_wconf 92' lang='lat' dir='ltr'>sic</span> <span class='ocrx_word' id='word_1_206' title='bbox 576 2691 694 2749; x_wconf 85' lang='lat' dir='ltr'>aliorum</span> <span class='ocrx_word' id='word_1_207' title='bbox 706 2691 814 2768; x_wconf 88' lang='lat' dir='ltr'>judicio</span> <span class='ocrx_word' id='word_1_208' title='bbox 835 2693 978 2768; x_wconf 86' lang='lat' dir='ltr'>permulta</span> <span class='ocrx_word' id='word_1_209' title='bbox 992 2692 1073 2750; x_wconf 92' lang='lat' dir='ltr'>nobis</span> <span class='ocrx_word' id='word_1_210' title='bbox 1088 2700 1118 2750; x_wconf 92' lang='lat' dir='ltr'>et</span> <span class='ocrx_word' id='word_1_211' title='bbox 1131 2692 1270 2763; x_wconf 87' lang='lat' dir='ltr'>facienda,</span> <span class='ocrx_word' id='word_1_212' title='bbox 1286 2701 1316 2753; x_wconf 90' lang='lat' dir='ltr'>et</span> <span class='ocrx_word' id='word_1_213' title='bbox 1330 2715 1387 2754; x_wconf 92' lang='lat' dir='ltr'>non</span> 
     </span>
     <span class='ocr_line' id='line_1_25' title="bbox 416 2781 1075 2859; baseline 0 -19"><span class='ocrx_word' id='word_1_214' title='bbox 416 2782 554 2849; x_wconf 87' lang='lat' dir='ltr'>facienda,</span> <span class='ocrx_word' id='word_1_215' title='bbox 570 2789 599 2839; x_wconf 89' lang='lat' dir='ltr'>et</span> <span class='ocrx_word' id='word_1_216' title='bbox 613 2781 759 2849; x_wconf 89' lang='lat' dir='ltr'>mutanda,</span> <span class='ocrx_word' id='word_1_217' title='bbox 773 2789 803 2839; x_wconf 91' lang='lat' dir='ltr'>et</span> <span class='ocrx_word' id='word_1_218' title='bbox 817 2781 985 2859; x_wconf 83' lang='lat' dir='ltr'>corrigenda</span> <span class='ocrx_word' id='word_1_219' title='bbox 1001 2789 1075 2840; x_wconf 91' lang='lat' dir='ltr'>sunt.</span> 
     </span>
     <span class='ocr_line' id='line_1_26' title="bbox 386 2872 1387 2949; baseline 0.002 -18"><span class='ocrx_word' id='word_1_220' title='bbox 386 2880 403 2931; x_wconf 79' lang='grc'>9</span> <span class='ocrx_word' id='word_1_221' title='bbox 458 2873 530 2941; x_wconf 77' lang='lat' dir='ltr'>Quae</span> <span class='ocrx_word' id='word_1_222' title='bbox 555 2890 623 2929; x_wconf 87' lang='lat' dir='ltr'>vero</span> <span class='ocrx_word' id='word_1_223' title='bbox 651 2890 728 2929; x_wconf 89' lang='lat' dir='ltr'>more</span> <span class='ocrx_word' id='word_1_224' title='bbox 756 2878 879 2948; x_wconf 84' lang='lat' dir='ltr'>agentur</span> <span class='ocrx_word' id='word_1_225' title='bbox 904 2872 1096 2949; x_wconf 89' lang='lat' dir='ltr'>institutisque</span> <span class='ocrx_word' id='word_1_226' title='bbox 1124 2872 1259 2941; x_wconf 86' lang='lat' dir='ltr'>civilibus,</span> <span class='ocrx_word' id='word_1_227' title='bbox 1289 2873 1327 2933; x_wconf 84' lang='lat' dir='ltr'>de</span> <span class='ocrx_word' id='word_1_228' title='bbox 1354 2875 1387 2934; x_wconf 84' lang='lat' dir='ltr'>ris</span> 
     </span>
     <span class='ocr_line' id='line_1_27' title="bbox 370 2960 1387 3040; baseline 0.002 -19"><span class='ocrx_word' id='word_1_229' title='bbox 370 2970 404 3021; x_wconf 88' lang='lat'>10</span> <span class='ocrx_word' id='word_1_230' title='bbox 419 2963 486 3020; x_wconf 89' lang='lat' dir='ltr'>nihil</span> <span class='ocrx_word' id='word_1_231' title='bbox 501 2968 545 3020; x_wconf 89' lang='lat' dir='ltr'>est</span> <span class='ocrx_word' id='word_1_232' title='bbox 556 2960 787 3040; x_wconf 86' lang='lat' dir='ltr'>praecipiendum.</span> <span class='ocrx_word' id='word_1_233' title='bbox 830 2961 884 3018; x_wconf 89' lang='lat' dir='ltr'>Illa</span> <span class='ocrx_word' id='word_1_234' title='bbox 898 2961 972 3018; x_wconf 90' lang='lat' dir='ltr'>enim</span> <span class='ocrx_word' id='word_1_235' title='bbox 986 2962 1048 3039; x_wconf 91' lang='lat' dir='ltr'>ipsa</span> <span class='ocrx_word' id='word_1_236' title='bbox 1062 2970 1209 3039; x_wconf 87' lang='lat' dir='ltr'>praecepta</span> <span class='ocrx_word' id='word_1_237' title='bbox 1223 2970 1300 3021; x_wconf 89' lang='lat' dir='ltr'>sunt.</span> <span class='ocrx_word' id='word_1_238' title='bbox 1323 2964 1387 3023; x_wconf 85' lang='lat' dir='ltr'>Neo</span> 
     </span>
     <span class='ocr_line' id='line_1_28' title="bbox 418 3050 1387 3131; baseline 0.002 -21"><span class='ocrx_word' id='word_1_239' title='bbox 418 3071 591 3131; x_wconf 86' lang='lat' dir='ltr'>quemquam</span> <span class='ocrx_word' id='word_1_240' title='bbox 611 3053 665 3110; x_wconf 91' lang='lat' dir='ltr'>hoc</span> <span class='ocrx_word' id='word_1_241' title='bbox 680 3070 774 3109; x_wconf 91' lang='lat' dir='ltr'>errore</span> <span class='ocrx_word' id='word_1_242' title='bbox 789 3050 855 3109; x_wconf 88' lang='lat' dir='ltr'>duci</span> <span class='ocrx_word' id='word_1_243' title='bbox 875 3058 996 3128; x_wconf 89' lang='lat' dir='ltr'>oportet,</span> <span class='ocrx_word' id='word_1_244' title='bbox 1012 3059 1053 3118; x_wconf 91' lang='lat' dir='ltr'>ut,</span> <span class='ocrx_word' id='word_1_245' title='bbox 1069 3052 1091 3109; x_wconf 92' lang='lat' dir='ltr'>si</span> <span class='ocrx_word' id='word_1_246' title='bbox 1106 3052 1174 3129; x_wconf 90' lang='lat' dir='ltr'>quid</span> <span class='ocrx_word' id='word_1_247' title='bbox 1187 3052 1321 3111; x_wconf 85' lang='lat' dir='ltr'>Socrates</span> <span class='ocrx_word' id='word_1_248' title='bbox 1336 3062 1387 3112; x_wconf 87' lang='lat' dir='ltr'>aut</span> 
     </span>
     <span class='ocr_line' id='line_1_29' title="bbox 418 3141 1387 3219; baseline 0.002 -19"><span class='ocrx_word' id='word_1_249' title='bbox 418 3143 584 3219; x_wconf 90' lang='lat' dir='ltr'>Aristippus</span> <span class='ocrx_word' id='word_1_250' title='bbox 599 3149 697 3199; x_wconf 88' lang='lat' dir='ltr'>contra</span> <span class='ocrx_word' id='word_1_251' title='bbox 710 3160 819 3198; x_wconf 91' lang='lat' dir='ltr'>morem</span> <span class='ocrx_word' id='word_1_252' title='bbox 833 3141 1121 3219; x_wconf 88' lang='lat' dir='ltr'>consuetudinemque</span> <span class='ocrx_word' id='word_1_253' title='bbox 1136 3141 1244 3200; x_wconf 88' lang='lat' dir='ltr'>civilem</span> <span class='ocrx_word' id='word_1_254' title='bbox 1258 3141 1387 3212; x_wconf 85' lang='lat' dir='ltr'>fecerint,</span> 
     </span>
     <span class='ocr_line' id='line_1_30' title="bbox 370 3229 1387 3309; baseline 0.002 -20"><span class='ocrx_word' id='word_1_255' title='bbox 370 3240 402 3289; x_wconf 86' lang='grc'>11</span> <span class='ocrx_word' id='word_1_256' title='bbox 418 3232 542 3291; x_wconf 88' lang='lat' dir='ltr'>locutive</span> <span class='ocrx_word' id='word_1_257' title='bbox 556 3230 620 3297; x_wconf 86' lang='lat' dir='ltr'>sint,</span> <span class='ocrx_word' id='word_1_258' title='bbox 634 3230 710 3287; x_wconf 91' lang='lat' dir='ltr'>idem</span> <span class='ocrx_word' id='word_1_259' title='bbox 724 3229 777 3287; x_wconf 88' lang='lat' dir='ltr'>sibi</span> <span class='ocrx_word' id='word_1_260' title='bbox 790 3230 945 3288; x_wconf 87' lang='lat' dir='ltr'>arbitretur</span> <span class='ocrx_word' id='word_1_261' title='bbox 957 3231 1049 3289; x_wconf 87' lang='lat' dir='ltr'>licere.</span> <span class='ocrx_word' id='word_1_262' title='bbox 1091 3232 1204 3309; x_wconf 84' lang='lat' dir='ltr'>Magnis</span> <span class='ocrx_word' id='word_1_263' title='bbox 1218 3230 1258 3288; x_wconf 92' lang='lat' dir='ltr'>illi</span> <span class='ocrx_word' id='word_1_264' title='bbox 1272 3239 1302 3289; x_wconf 93' lang='lat' dir='ltr'>et</span> <span class='ocrx_word' id='word_1_265' title='bbox 1316 3232 1387 3291; x_wconf 83' lang='lat' dir='ltr'>divi·</span> 
     </span>
     <span class='ocr_line' id='line_1_31' title="bbox 418 3317 1388 3397; baseline 0.004 -19"><span class='ocrx_word' id='word_1_266' title='bbox 418 3322 462 3378; x_wconf 90' lang='lat' dir='ltr'>nis</span> <span class='ocrx_word' id='word_1_267' title='bbox 484 3320 564 3378; x_wconf 88' lang='lat' dir='ltr'>honis</span> <span class='ocrx_word' id='word_1_268' title='bbox 586 3319 660 3376; x_wconf 87' lang='lat' dir='ltr'>hane</span> <span class='ocrx_word' id='word_1_269' title='bbox 687 3317 829 3375; x_wconf 89' lang='lat' dir='ltr'>licentiam</span> <span class='ocrx_word' id='word_1_270' title='bbox 850 3321 1081 3395; x_wconf 89' lang='lat' dir='ltr'>assequebantur.</span> <span class='ocrx_word' id='word_1_271' title='bbox 1124 3321 1298 3397; x_wconf 83' lang='lat' dir='ltr'>Cynicorum</span> <span class='ocrx_word' id='word_1_272' title='bbox 1318 3342 1388 3382; x_wconf 85' lang='lat' dir='ltr'>vero</span> 
     </span>
     <span class='ocr_line' id='line_1_32' title="bbox 370 3405 1388 3485; baseline 0.004 -17"><span class='ocrx_word' id='word_1_273' title='bbox 370 3417 403 3468; x_wconf 81' lang='lat'>12</span> <span class='ocrx_word' id='word_1_274' title='bbox 418 3410 489 3467; x_wconf 86' lang='lat' dir='ltr'>ratio</span> <span class='ocrx_word' id='word_1_275' title='bbox 510 3416 570 3467; x_wconf 88' lang='lat' dir='ltr'>tota</span> <span class='ocrx_word' id='word_1_276' title='bbox 590 3414 634 3465; x_wconf 84' lang='lat' dir='ltr'>est</span> <span class='ocrx_word' id='word_1_277' title='bbox 655 3405 802 3485; x_wconf 85' lang='lat' dir='ltr'>ejicienda.</span> <span class='ocrx_word' id='word_1_278' title='bbox 845 3408 898 3465; x_wconf 87' lang='lat' dir='ltr'>Est</span> <span class='ocrx_word' id='word_1_279' title='bbox 912 3410 986 3467; x_wconf 90' lang='lat' dir='ltr'>enim</span> <span class='ocrx_word' id='word_1_280' title='bbox 1000 3409 1111 3467; x_wconf 89' lang='lat' dir='ltr'>inimica</span> <span class='ocrx_word' id='word_1_281' title='bbox 1124 3410 1312 3479; x_wconf 74' lang='lat' dir='ltr'>verecundia,</span> <span class='ocrx_word' id='word_1_282' title='bbox 1328 3412 1388 3472; x_wconf 88' lang='lat' dir='ltr'>siue</span> 
     </span>
     <span class='ocr_line' id='line_1_33' title="bbox 419 3498 1388 3575; baseline 0.006 -20"><span class='ocrx_word' id='word_1_283' title='bbox 419 3518 477 3575; x_wconf 89' lang='lat' dir='ltr'>qua</span> <span class='ocrx_word' id='word_1_284' title='bbox 496 3498 563 3556; x_wconf 92' lang='lat' dir='ltr'>nihil</span> <span class='ocrx_word' id='word_1_285' title='bbox 584 3503 694 3555; x_wconf 88' lang='lat' dir='ltr'>rectum</span> <span class='ocrx_word' id='word_1_286' title='bbox 713 3515 776 3553; x_wconf 87' lang='lat' dir='ltr'>esse</span> <span class='ocrx_word' id='word_1_287' title='bbox 800 3504 904 3575; x_wconf 90' lang='lat' dir='ltr'>potest,</span> <span class='ocrx_word' id='word_1_288' title='bbox 918 3499 987 3557; x_wconf 90' lang='lat' dir='ltr'>nihil</span> <span class='ocrx_word' id='word_1_289' title='bbox 1006 3501 1165 3559; x_wconf 90' lang='lat' dir='ltr'>honestum.</span> <span class='ocrx_word' id='word_1_290' title='bbox 1206 3500 1264 3559; x_wconf 87' lang='lat' dir='ltr'>Eos</span> <span class='ocrx_word' id='word_1_291' title='bbox 1279 3509 1388 3573; x_wconf 86' lang='lat' dir='ltr'>autem,</span> 
     </span>
     <span class='ocr_line' id='line_1_34' title="bbox 419 3587 1423 3676; baseline 0.01 -32"><span class='ocrx_word' id='word_1_292' title='bbox 419 3607 540 3665; x_wconf 90' lang='lat' dir='ltr'>quorum</span> <span class='ocrx_word' id='word_1_293' title='bbox 554 3587 613 3644; x_wconf 86' lang='lat' dir='ltr'>vita</span> <span class='ocrx_word' id='word_1_294' title='bbox 634 3587 833 3664; x_wconf 84' lang='lat' dir='ltr'>perspectam</span> <span class='ocrx_word' id='word_1_295' title='bbox 853 3588 940 3676; x_wconf 67' lang='lat' dir='ltr'>rebus</span> <span class='ocrx_word' id='word_1_296' title='bbox 960 3590 1084 3647; x_wconf 88' lang='lat' dir='ltr'>honestis</span> <span class='ocrx_word' id='word_1_297' title='bbox 1105 3598 1191 3667; x_wconf 89' lang='lat' dir='ltr'>atque</span> <span class='ocrx_word' id='word_1_298' title='bbox 1205 3593 1318 3668; x_wconf 84' lang='lat' dir='ltr'>magnis</span> <span class='ocrx_word' id='word_1_299' title='bbox 1333 3601 1388 3665; x_wconf 87' lang='lat' dir='ltr'>est,</span> <span class='ocrx_word' id='word_1_300' title='bbox 1416 3651 1423 3672; x_wconf 31' lang='grc' dir='ltr'>Ι,</span> 
     </span>
     <span class='ocr_line' id='line_1_35' title="bbox 419 3672 1423 3754; baseline 0.006 -19"><span class='ocrx_word' id='word_1_301' title='bbox 419 3678 493 3736; x_wconf 93' lang='lat' dir='ltr'>bene</span> <span class='ocrx_word' id='word_1_302' title='bbox 507 3676 544 3734; x_wconf 93' lang='lat' dir='ltr'>de</span> <span class='ocrx_word' id='word_1_303' title='bbox 557 3696 588 3734; x_wconf 91' lang='lat' dir='ltr'>re</span> <span class='ocrx_word' id='word_1_304' title='bbox 602 3676 715 3753; x_wconf 89' lang='lat' dir='ltr'>publica</span> <span class='ocrx_word' id='word_1_305' title='bbox 729 3676 889 3745; x_wconf 88' lang='lat' dir='ltr'>sentientes,</span> <span class='ocrx_word' id='word_1_306' title='bbox 905 3697 938 3736; x_wconf 90' lang='lat' dir='ltr'>ac</span> <span class='ocrx_word' id='word_1_307' title='bbox 953 3672 1154 3737; x_wconf 87' lang='lat' dir='ltr'>benemeritos</span> <span class='ocrx_word' id='word_1_308' title='bbox 1168 3687 1218 3737; x_wconf 87' lang='lat' dir='ltr'>aut</span> <span class='ocrx_word' id='word_1_309' title='bbox 1232 3690 1389 3754; x_wconf 87' lang='lat' dir='ltr'>merentes,</span> <span class='ocrx_word' id='word_1_310' title='bbox 1413 3691 1423 3730; x_wconf 77' lang='grc' dir='ltr'>-ἲ</span> 
     </span>
     <span class='ocr_line' id='line_1_36' title="bbox 419 3757 1422 3844; baseline 0.006 -20"><span class='ocrx_word' id='word_1_311' title='bbox 419 3767 467 3835; x_wconf 89' lang='lat' dir='ltr'>sie,</span> <span class='ocrx_word' id='word_1_312' title='bbox 481 3774 515 3823; x_wconf 86' lang='lat' dir='ltr'>ut</span> <span class='ocrx_word' id='word_1_313' title='bbox 533 3767 627 3843; x_wconf 88' lang='lat' dir='ltr'>aliquo</span> <span class='ocrx_word' id='word_1_314' title='bbox 649 3766 755 3823; x_wconf 88' lang='lat' dir='ltr'>honore</span> <span class='ocrx_word' id='word_1_315' title='bbox 777 3773 828 3824; x_wconf 90' lang='lat' dir='ltr'>aut</span> <span class='ocrx_word' id='word_1_316' title='bbox 853 3766 971 3844; x_wconf 89' lang='lat' dir='ltr'>imperio</span> <span class='ocrx_word' id='word_1_317' title='bbox 991 3768 1115 3836; x_wconf 85' lang='lat' dir='ltr'>affectos,</span> <span class='ocrx_word' id='word_1_318' title='bbox 1131 3770 1281 3827; x_wconf 86' lang='lat' dir='ltr'>observare</span> <span class='ocrx_word' id='word_1_319' title='bbox 1296 3778 1326 3829; x_wconf 89' lang='lat' dir='ltr'>et</span> <span class='ocrx_word' id='word_1_320' title='bbox 1341 3757 1394 3832; x_wconf 55' lang='lat' dir='ltr'>do?</span> <span class='ocrx_word' id='word_1_321' title='bbox 1417 3779 1422 3786; x_wconf 92' lang='lat'>&#39;</span> 
     </span>
     <span class='ocr_line' id='line_1_37' title="bbox 417 3856 1396 3939; baseline 0.007 -25"><span class='ocrx_word' id='word_1_322' title='bbox 417 3856 475 3914; x_wconf 89' lang='lat' dir='ltr'>lere</span> <span class='ocrx_word' id='word_1_323' title='bbox 490 3856 643 3915; x_wconf 89' lang='lat' dir='ltr'>debemus:</span> <span class='ocrx_word' id='word_1_324' title='bbox 663 3856 787 3914; x_wconf 90' lang='lat' dir='ltr'>tribuere</span> <span class='ocrx_word' id='word_1_325' title='bbox 801 3856 885 3913; x_wconf 84' lang='lat' dir='ltr'>etiarn</span> <span class='ocrx_word' id='word_1_326' title='bbox 905 3856 1028 3914; x_wconf 90' lang='lat' dir='ltr'>multum</span> <span class='ocrx_word' id='word_1_327' title='bbox 1048 3859 1203 3939; x_wconf 61' lang='lat' dir='ltr'>semctuti:</span> <span class='ocrx_word' id='word_1_328' title='bbox 1227 3859 1330 3918; x_wconf 90' lang='lat' dir='ltr'>cedere</span> <span class='ocrx_word' id='word_1_329' title='bbox 1345 3863 1396 3936; x_wconf 78' lang='lat' dir='ltr'>iis,</span> 
     </span>
     <span class='ocr_line' id='line_1_38' title="bbox 418 3946 1390 4030; baseline 0.007 -25"><span class='ocrx_word' id='word_1_330' title='bbox 418 3947 467 4025; x_wconf 91' lang='lat' dir='ltr'>qui</span> <span class='ocrx_word' id='word_1_331' title='bbox 486 3946 684 4025; x_wconf 80' lang='lat' dir='ltr'>magistratum</span> <span class='ocrx_word' id='word_1_332' title='bbox 703 3946 867 4004; x_wconf 88' lang='lat' dir='ltr'>habebunt:</span> <span class='ocrx_word' id='word_1_333' title='bbox 890 3946 995 4005; x_wconf 87' lang='lat' dir='ltr'>habere</span> <span class='ocrx_word' id='word_1_334' title='bbox 1016 3947 1158 4007; x_wconf 87' lang='lat' dir='ltr'>delectum</span> <span class='ocrx_word' id='word_1_335' title='bbox 1179 3948 1246 4007; x_wconf 87' lang='lat' dir='ltr'>civis</span> <span class='ocrx_word' id='word_1_336' title='bbox 1260 3948 1294 4008; x_wconf 80' lang='lat' dir='ltr'>et‘</span> <span class='ocrx_word' id='word_1_337' title='bbox 1304 3970 1390 4030; x_wconf 82' lang='lat' dir='ltr'>pera·</span> 
     </span>
    </p>
   </div>
   <div class='ocr_carea' id='block_1_3' title="bbox 0 0 1644 4775">
    <p class='ocr_par' dir='ltr' id='par_1_3' title="bbox 0 0 1644 4775">
     <span class='ocr_line' id='line_1_39' title="bbox 0 0 1644 4775; baseline 0 0"><span class='ocrx_word' id='word_1_338' title='bbox 0 0 1644 4775; x_wconf 95' lang='lat' dir='ltr'> </span> 
     </span>
    </p>
   </div>
  </div>
 </body>
</html>
