3259 4775
326 543 364 598 44
742 557 780 596 ou
796 556 925 596 oramus

346 696 363 746 5
379 705 444 744 nere
458 686 532 753 ritae,
547 687 597 745 sed
617 694 727 745 naturae
746 686 845 765 magis.
887 685 981 743 Multo
994 684 1069 744 enim
1088 692 1120 744 et
1139 686 1250 745 firmior
1262 691 1303 746 est
1319 728 1323 733 -

379 776 566 834 constantior:
587 782 620 834 ut
640 776 754 835 fortuna
767 794 969 854 nonnunquam
987 774 1058 854 ipsa,
1073 776 1205 835 mortalis
1219 795 1281 834 cum
1292 773 1338 834 im‘

346 872 363 924 6
378 865 489 923 mortali
502 873 603 924 natura
618 886 746 945 pugnare
760 866 898 924 videatur.
940 866 996 935 Qui
1009 865 1097 945 igitur
1110 865 1148 924 ad
1163 872 1273 924 natum
1288 894 1306 915 2·

378 975 435 1013 non
458 955 565 1013 ritiosae
593 976 683 1037 genus
711 956 857 1015 consilium
883 956 997 1014 vivendi
1023 974 1108 1014 omne
1136 955 1292 1024 contulerit,
1312 945 1332 970 “’

378 1046 564 1104 constantiam
585 1052 682 1104 teneat
703 1044 744 1125 (id
763 1046 837 1104 enim
852 1045 973 1103 maxime
987 1042 1083 1125 decet)
1098 1044 1152 1103 uisi
1172 1045 1246 1104 forte
1258 1063 1286 1103 sc
1309 1080 1311 1092 =
1326 1052 1333 1073 ‘

347 1136 363 1193 7
378 1136 516 1194 tellexerit
530 1156 638 1194 errasse
656 1137 684 1193 in
698 1136 849 1215 deligendo
863 1154 967 1214 genere
980 1135 1055 1193 vitae.
1098 1135 1184 1205 Quod
1199 1135 1222 1194 si
1239 1134 1297 1185 m'v
1309 1141 1319 1220 ¹¹.

378 1225 413 1283 rit
428 1224 535 1306 (potest
548 1234 644 1285 autem
659 1226 799 1303 accidere)
813 1226 943 1284 facienda
962 1244 1074 1283 morum
1093 1224 1291 1284 institutorum
1304 1234 1330 1264 ·’

346 1323 362 1373 8
377 1309 497 1375 mutatio
511 1324 562 1375 est.
597 1318 670 1374 Eam
683 1316 880 1384 mutationem,
892 1316 915 1373 si
929 1321 1060 1393 tempora
1073 1313 1259 1393 adjuvabunt,
1286 1309 1313 1362 «“

378 1406 431 1463 lius
445 1407 676 1485 commodiusque
690 1407 836 1465 faciemus.
877 1406 927 1463 Sin
940 1406 1049 1473 minus;
1070 1406 1177 1463 sensim
1190 1406 1242 1463 erit
1261 1432 1266 1455 ι
1323 1409 1326 1423 ⁵

379 1496 536 1574 tentimquc
558 1496 703 1554 facienda:
725 1503 759 1554 ut
778 1496 923 1563 amicitias,
945 1514 1010 1573 quae
1032 1495 1127 1553 minus
1145 1495 1284 1554 delectent

376 1585 469 1643 minus
483 1586 646 1663 probentur,
661 1586 752 1665 magis
767 1585 868 1644 decore
883 1593 999 1644 censent
1012 1586 1155 1662 sapientes
1169 1584 1269 1644 sensim
1280 1581 1321 1642 d'sl

346 1682 362 1734 a
378 1694 468 1743 suere,
483 1695 569 1753 quam
589 1683 706 1753 repente
727 1675 889 1753 praecidere.
932 1676 1115 1733 Commutato
1128 1682 1227 1764 autem
1238 1663 1329 1756 gmi-

377 1767 450 1834 vitae,
466 1767 540 1825 omni
562 1768 669 1824 ratione
690 1766 848 1825 curandum
867 1773 919 1834 est,
934 1773 968 1823 ut
981 1765 1011 1823 id
1024 1767 1100 1824 bono
1114 1763 1320 1825 consilio-'fedas

378 1857 533 1916 videamur.

329 1953 363 2005 10
417 1947 476 2004 Sed
496 1946 627 2024 quoniam
648 1946 734 2023 paulo
755 1945 948 2005 antedictum
970 1952 1021 2014 est,
1039 1946 1191 2005 imitandos
1208 1935 1324 2006 emeriti.

375 2037 461 2114 jores,
483 2037 605 2113 primum
630 2035 701 2093 illud
726 2043 880 2113 exceptum
903 2037 947 2106 sit,
968 2056 1004 2095 ne
1027 2037 1095 2094 vitia
1118 2036 1176 2095 sint
1198 2031 1324 2095 imitanda

328 2131 361 2183 11
378 2124 496 2191 Deinde,
511 2125 534 2181 si
554 2132 656 2181 natura
676 2144 732 2182 non
752 2125 834 2194 feret,
849 2132 882 2184 ut
895 2126 1028 2204 quaedam
1045 2126 1149 2184 imitari
1168 2126 1271 2205 possit;
1306 2137 1330 2156 ··“

377 2214 529 2291 superioris
544 2214 671 2272 Africani
691 2215 773 2282 filius,
789 2216 838 2293 qui
859 2216 934 2274 hunc
949 2217 1052 2275 Paullo
1070 2223 1171 2274 natum
1185 2211 1327 2294 adopta?

378 2311 495 2382 propter
508 2304 697 2362 infirmitatem
712 2305 882 2363 valetudinis
895 2326 951 2364 non
964 2313 1024 2364 tam
1038 2307 1131 2385 potuit
1145 2307 1234 2384 patris
1247 2297 1323 2374 sinffl',

329 2402 362 2452 la
379 2413 448 2463 esse,
464 2415 550 2472 quam
573 2396 619 2453 ille
640 2396 734 2453 iuerat
755 2395 810 2475 sui)
831 2397 854 2454 si
873 2398 961 2475 igitur
978 2417 1035 2455 non
1053 2398 1157 2476 poterit
1169 2398 1228 2456 sive
1242 2392 1329 2456 carum¹

379 2485 556 2553 defensitare,
572 2486 630 2543 sive
651 2486 790 2564 populum
812 2488 991 2546 concionibus
1011 2494 1117 2556 tenere,
1132 2487 1191 2546 sive
1204 2487 1277 2547 bella
1287 2500 1324 2565 gt·

377 2593 454 2632 rore:
476 2575 522 2632 illa
541 2583 637 2633 tamen
657 2582 793 2652 praestare
815 2576 939 2646 debebit,
955 2597 1020 2654 quae
1038 2584 1121 2635 erunt
1141 2578 1170 2635 in
1190 2578 1326 2656 ipsiuspc·

378 2671 489 2732 testate,
502 2665 649 2742 justitiam,
661 2665 756 2733 fidem,
771 2666 977 2734 liberalitatem,
989 2667 1167 2737 modestiam,
1181 2675 1327 2745 temperare
1353 2702 1358 2733 ;;

330 2762 363 2814 13
378 2757 455 2824 tiam,
470 2776 527 2833 quo
549 2757 641 2814 minus
661 2757 698 2814 ab
719 2776 754 2814 eo
775 2757 813 2824 id,
828 2757 905 2834 quod
920 2757 1001 2825 desit,
1017 2759 1184 2835 requiratur.
1226 2755 1331 2836 opum·
1355 2756 1358 2809 ἶ

377 2854 474 2905 autem
488 2847 629 2905 hereditas
643 2866 661 2904 a
675 2847 802 2924 patribus
815 2847 938 2904 traditur
951 2847 1053 2915 liberis,
1066 2847 1197 2925 omnique
1208 2846 1332 2926 patrimo·
1356 2836 1358 2843 ¹

377 2939 423 2996 nio
444 2938 642 3016 praestantior,'
653 2937 743 3016 gloria
756 2937 867 2994 virtutis
882 2956 1033 3014 rerumque
1046 2945 1212 3014 gestarum:
1234 2937 1277 2996 cui
1289 2926 1354 2994 de⁴

379 3028 473 3087 decori
487 3048 556 3096 esse,
572 3029 651 3087 nefas
665 3034 694 3086 et
707 3027 826 3106 impium
838 3027 1026 3105 judicandum
1040 3034 1092 3085 est.

397 3202 408 3215 ”
417 3208 552 3266 XXXIV.
567 3208 606 3264 Et
619 3207 752 3283 quoniam
767 3208 858 3265 officia
870 3227 927 3266 non
941 3208 1041 3266 eadem
1055 3207 1215 3286 disparibus
1229 3202 1343 3264 aetati-

379 3299 441 3356 bus
452 3298 626 3361 tribuuntur,
639 3296 748 3372 aliaque
762 3304 829 3354 sunt
840 3299 985 3375 juvenum,
997 3298 1052 3354 alia
1062 3298 1218 3355 seniorum:
1236 3282 1343 3374 aliquid

347 3377 370 3446 2Ι
379 3387 463 3444 etiam
474 3385 511 3443 de
521 3387 575 3442 hac
586 3383 763 3442 distinctione
774 3386 926 3445 dicendum
938 3395 989 3446 cst.
1017 3388 1070 3444 Est
1084 3387 1170 3465 igitur
1179 3386 1343 3445 adolesccrr

379 3475 422 3542 tis,
436 3474 557 3552 majores
578 3479 647 3530 natu
660 3475 757 3542 vereri,
772 3495 864 3553 exque
884 3477 928 3535 his
942 3477 1068 3554 deligere
1086 3477 1209 3554 optimos
1227 3483 1257 3535 et
1276 3492 1344 3555 pro·

378 3563 544 3630 batissimos,
558 3582 678 3641 quorum
691 3564 805 3622 consilio
817 3573 902 3643 atque
913 3567 1081 3624 auctoritate
1094 3566 1209 3624 nitatur.
1238 3567 1342 3625 Ineun-

378 3655 414 3711 tis
429 3653 502 3711 enim
517 3654 608 3710 aetatis
621 3653 730 3712 inscitia
750 3675 849 3712 senum
869 3656 1066 3714 constituenda
1086 3663 1116 3713 et
1135 3656 1262 3734 regenda
1275 3674 1341 3735 pru·

348 3744 475 3802 edentia
497 3749 548 3800 ost.
589 3743 712 3802 Maxime
733 3753 829 3802 autem
850 3746 912 3803 baec
931 3753 1000 3802 aetas
1015 3764 1031 3803 a
1045 3744 1206 3804 libidinibus
1219 3744 1340 3804 arcenda

379 3841 431 3901 est,
453 3833 666 3911 exercendaque
687 3834 716 3891 in
740 3834 837 3892 labore
861 3835 1052 3912 patientiaque
1072 3842 1102 3892 et
1125 3834 1211 3892 animi
1231 3842 1261 3892 et
1281 3853 1341 3894 cor·

378 3924 473 4004 poris;
493 3931 526 3983 ut
546 3943 643 3983 eorum
664 3931 693 3982 et
715 3924 744 3982 in
768 3925 873 3984 bellicis
892 3932 922 3982 et
941 3926 969 3983 in
992 3926 1118 3985 civilibus
1138 3925 1235 3984 officiis
1247 3925 1340 4006 vigeat
