<?xml version="1.0" encoding="UTF-8"?>
<!DOCTYPE html PUBLIC "-//W3C//DTD XHTML 1.0 Transitional//EN"
    "http://www.w3.org/TR/xhtml1/DTD/xhtml1-transitional.dtd">
<html xmlns="http://www.w3.org/1999/xhtml" xml:lang="en" lang="en">
 <head>
  <title>
</title>
<meta http-equiv="Content-Type" content="text/html;charset=utf-8" />
  <meta name='ocr-system' content='tesseract 3.04.00' />
  <meta name='ocr-capabilities' content='ocr_page ocr_carea ocr_par ocr_line ocrx_word'/>
</head>
<body>
  <div class='ocr_page' id='page_1' title='image "./mtulliiciceroni00thacgoog_0087.png"; bbox 0 0 3259 4775; ppageno 0'>
   <div class='ocr_carea' id='block_1_1' title="bbox 666 479 1320 539">
    <p class='ocr_par' dir='ltr' id='par_1_1' title="bbox 666 479 1320 539">
     <span class='ocr_line' id='line_1_1' title="bbox 666 479 1320 539; baseline -0.003 -1"><span class='ocrx_word' id='word_1_1' title='bbox 666 500 750 538; x_wconf 77' lang='lat' dir='ltr'>mees</span> <span class='ocrx_word' id='word_1_2' title='bbox 764 500 795 538; x_wconf 90' lang='lat'>11.</span> <span class='ocrx_word' id='word_1_3' title='bbox 838 500 904 539; x_wconf 72' lang='lat' dir='ltr'>ens.</span> <span class='ocrx_word' id='word_1_4' title='bbox 918 499 963 537; x_wconf 82' lang='lat' dir='ltr'>xx.</span> <span class='ocrx_word' id='word_1_5' title='bbox 1285 479 1320 536; x_wconf 76' lang='lat'>7⁰</span> 
     </span>
    </p>
   </div>
   <div class='ocr_carea' id='block_1_2' title="bbox 332 624 1320 1156">
    <p class='ocr_par' dir='ltr' id='par_1_2' title="bbox 332 624 1267 708">
     <span class='ocr_line' id='line_1_2' title="bbox 332 624 1267 708; baseline 0.002 -26"><span class='ocrx_word' id='word_1_6' title='bbox 332 624 422 707; x_wconf 86' lang='lat' dir='ltr'>debent,</span> <span class='ocrx_word' id='word_1_7' title='bbox 430 637 480 689; x_wconf 85' lang='lat' dir='ltr'>aut</span> <span class='ocrx_word' id='word_1_8' title='bbox 493 648 551 699; x_wconf 89' lang='lat' dir='ltr'>eos,</span> <span class='ocrx_word' id='word_1_9' title='bbox 561 648 634 708; x_wconf 90' lang='lat' dir='ltr'>quos</span> <span class='ocrx_word' id='word_1_10' title='bbox 646 649 703 688; x_wconf 93' lang='lat' dir='ltr'>non</span> <span class='ocrx_word' id='word_1_11' title='bbox 716 628 849 708; x_wconf 88' lang='lat' dir='ltr'>expedit:</span> <span class='ocrx_word' id='word_1_12' title='bbox 872 629 895 686; x_wconf 89' lang='lat' dir='ltr'>si</span> <span class='ocrx_word' id='word_1_13' title='bbox 908 628 1111 706; x_wconf 72' lang='lat' dir='ltr'>imprudentes,</span> <span class='ocrx_word' id='word_1_14' title='bbox 1123 627 1267 706; x_wconf 81' lang='lat' dir='ltr'>negligen-</span> 
     </span>
    </p>

    <p class='ocr_par' dir='ltr' id='par_1_3' title="bbox 334 715 1320 1156">
     <span class='ocr_line' id='line_1_3' title="bbox 334 715 1320 788; baseline 0.002 -15"><span class='ocrx_word' id='word_1_15' title='bbox 334 715 368 773; x_wconf 82' lang='lat' dir='ltr'>tae</span> <span class='ocrx_word' id='word_1_16' title='bbox 379 728 429 787; x_wconf 87' lang='lat' dir='ltr'>est;</span> <span class='ocrx_word' id='word_1_17' title='bbox 448 721 472 778; x_wconf 92' lang='lat' dir='ltr'>si</span> <span class='ocrx_word' id='word_1_18' title='bbox 485 722 614 788; x_wconf 90' lang='lat' dir='ltr'>scientes,</span> <span class='ocrx_word' id='word_1_19' title='bbox 626 720 798 778; x_wconf 81' lang='lat' dir='ltr'>temeritatis.</span> <span class='ocrx_word' id='word_1_20' title='bbox 841 718 988 777; x_wconf 88' lang='lat' dir='ltr'>Utendum</span> <span class='ocrx_word' id='word_1_21' title='bbox 1002 719 1087 776; x_wconf 85' lang='lat' dir='ltr'>etiem</span> <span class='ocrx_word' id='word_1_22' title='bbox 1098 726 1142 776; x_wconf 89' lang='lat' dir='ltr'>est</span> <span class='ocrx_word' id='word_1_23' title='bbox 1152 737 1268 776; x_wconf 87' lang='lat' dir='ltr'>excuso-</span> <span class='ocrx_word' id='word_1_24' title='bbox 1286 723 1320 775; x_wconf 74' lang='lat'>14</span> 
     </span>
     <span class='ocr_line' id='line_1_4' title="bbox 335 804 1268 889; baseline 0.004 -28"><span class='ocrx_word' id='word_1_25' title='bbox 335 804 388 865; x_wconf 89' lang='lat' dir='ltr'>tione</span> <span class='ocrx_word' id='word_1_26' title='bbox 398 810 530 869; x_wconf 76' lang='lat' dir='ltr'>adversus</span> <span class='ocrx_word' id='word_1_27' title='bbox 544 830 602 878; x_wconf 87' lang='lat' dir='ltr'>eos,</span> <span class='ocrx_word' id='word_1_28' title='bbox 616 829 688 889; x_wconf 93' lang='lat' dir='ltr'>quos</span> <span class='ocrx_word' id='word_1_29' title='bbox 708 810 811 868; x_wconf 73' lang='lat' dir='ltr'>inritus</span> <span class='ocrx_word' id='word_1_30' title='bbox 825 810 962 876; x_wconf 84' lang='lat' dir='ltr'>offendas,</span> <span class='ocrx_word' id='word_1_31' title='bbox 978 827 1147 886; x_wconf 81' lang='lat' dir='ltr'>quoeunque</span> <span class='ocrx_word' id='word_1_32' title='bbox 1168 808 1268 886; x_wconf 86' lang='lat' dir='ltr'>possis,</span> 
     </span>
     <span class='ocr_line' id='line_1_5' title="bbox 335 899 1270 979; baseline 0 -24"><span class='ocrx_word' id='word_1_33' title='bbox 335 912 397 971; x_wconf 85' lang='lat' dir='ltr'>quare</span> <span class='ocrx_word' id='word_1_34' title='bbox 408 900 443 968; x_wconf 91' lang='lat' dir='ltr'>id,</span> <span class='ocrx_word' id='word_1_35' title='bbox 454 900 534 979; x_wconf 93' lang='lat' dir='ltr'>quod</span> <span class='ocrx_word' id='word_1_36' title='bbox 548 902 655 968; x_wconf 90' lang='lat' dir='ltr'>feceris,</span> <span class='ocrx_word' id='word_1_37' title='bbox 668 919 783 958; x_wconf 88' lang='lat' dir='ltr'>necesse</span> <span class='ocrx_word' id='word_1_38' title='bbox 796 900 891 966; x_wconf 81' lang='lat' dir='ltr'>fuerit,</span> <span class='ocrx_word' id='word_1_39' title='bbox 903 918 955 956; x_wconf 89' lang='lat' dir='ltr'>nec</span> <span class='ocrx_word' id='word_1_40' title='bbox 968 899 1049 956; x_wconf 86' lang='lat' dir='ltr'>aliter</span> <span class='ocrx_word' id='word_1_41' title='bbox 1063 899 1156 956; x_wconf 80' lang='lat' dir='ltr'>secere</span> <span class='ocrx_word' id='word_1_42' title='bbox 1171 906 1270 975; x_wconf 90' lang='lat' dir='ltr'>potue-</span> 
     </span>
     <span class='ocr_line' id='line_1_6' title="bbox 335 983 1269 1069; baseline -0.005 -20"><span class='ocrx_word' id='word_1_43' title='bbox 335 983 537 1069; x_wconf 69' lang='lat' dir='ltr'>docuerisque</span> <span class='ocrx_word' id='word_1_44' title='bbox 558 991 651 1069; x_wconf 86' lang='lat' dir='ltr'>operis</span> <span class='ocrx_word' id='word_1_45' title='bbox 671 997 700 1048; x_wconf 89' lang='lat' dir='ltr'>et</span> <span class='ocrx_word' id='word_1_46' title='bbox 720 989 817 1047; x_wconf 87' lang='lat' dir='ltr'>officiis</span> <span class='ocrx_word' id='word_1_47' title='bbox 838 989 891 1047; x_wconf 87' lang='lat' dir='ltr'>erit</span> <span class='ocrx_word' id='word_1_48' title='bbox 911 988 949 1056; x_wconf 89' lang='lat' dir='ltr'>id,</span> <span class='ocrx_word' id='word_1_49' title='bbox 966 988 1044 1065; x_wconf 91' lang='lat' dir='ltr'>quod</span> <span class='ocrx_word' id='word_1_50' title='bbox 1058 988 1193 1045; x_wconf 81' lang='lat' dir='ltr'>violatum</span> <span class='ocrx_word' id='word_1_51' title='bbox 1217 996 1269 1055; x_wconf 91' lang='lat' dir='ltr'>est,</span> 
     </span>
     <span class='ocr_line' id='line_1_7' title="bbox 335 1080 556 1156; baseline 0.023 -22"><span class='ocrx_word' id='word_1_52' title='bbox 335 1080 556 1156; x_wconf 79' lang='lat' dir='ltr'>compensandum.</span> 
     </span>
    </p>
   </div>
   <div class='ocr_carea' id='block_1_3' title="bbox 301 1249 1406 3955">
    <p class='ocr_par' dir='ltr' id='par_1_4' title="bbox 301 1249 1406 3955">
     <span class='ocr_line' id='line_1_8' title="bbox 360 1249 1272 1337; baseline -0.004 -18"><span class='ocrx_word' id='word_1_53' title='bbox 360 1256 409 1319; x_wconf 66' lang='lat' dir='ltr'>XX</span> <span class='ocrx_word' id='word_1_54' title='bbox 429 1260 488 1319; x_wconf 88' lang='lat' dir='ltr'>Sed</span> <span class='ocrx_word' id='word_1_55' title='bbox 499 1280 565 1318; x_wconf 93' lang='lat' dir='ltr'>cum</span> <span class='ocrx_word' id='word_1_56' title='bbox 575 1260 604 1318; x_wconf 92' lang='lat' dir='ltr'>in</span> <span class='ocrx_word' id='word_1_57' title='bbox 614 1259 774 1318; x_wconf 90' lang='lat' dir='ltr'>hominibus</span> <span class='ocrx_word' id='word_1_58' title='bbox 785 1259 918 1337; x_wconf 81' lang='lat' dir='ltr'>jurandis</span> <span class='ocrx_word' id='word_1_59' title='bbox 926 1268 976 1317; x_wconf 86' lang='lat' dir='ltr'>eut</span> <span class='ocrx_word' id='word_1_60' title='bbox 986 1277 1078 1318; x_wconf 86' lang='lat' dir='ltr'>meres</span> <span class='ocrx_word' id='word_1_61' title='bbox 1089 1258 1211 1336; x_wconf 79' lang='lat' dir='ltr'>spectari</span> <span class='ocrx_word' id='word_1_62' title='bbox 1222 1249 1272 1315; x_wconf 82' lang='lat' dir='ltr'>aut</span> 
     </span>
     <span class='ocr_line' id='line_1_9' title="bbox 333 1341 1267 1438; baseline 0.002 -34"><span class='ocrx_word' id='word_1_63' title='bbox 333 1341 421 1407; x_wconf 80' lang='lat' dir='ltr'>tortum</span> <span class='ocrx_word' id='word_1_64' title='bbox 438 1350 546 1408; x_wconf 78' lang='lat' dir='ltr'>soleat:</span> <span class='ocrx_word' id='word_1_65' title='bbox 568 1350 648 1408; x_wconf 91' lang='lat' dir='ltr'>dictu</span> <span class='ocrx_word' id='word_1_66' title='bbox 660 1349 787 1428; x_wconf 43' lang='lat' dir='ltr'>quidem,</span> <span class='ocrx_word' id='word_1_67' title='bbox 797 1351 993 1438; x_wconf 25' lang='lat' dir='ltr'>estlproelive,</span> <span class='ocrx_word' id='word_1_68' title='bbox 1009 1350 1104 1427; x_wconf 80' lang='lat' dir='ltr'>itaque</span> <span class='ocrx_word' id='word_1_69' title='bbox 1119 1349 1207 1427; x_wconf 81' lang='lat' dir='ltr'>vulgo</span> <span class='ocrx_word' id='word_1_70' title='bbox 1227 1349 1267 1406; x_wconf 79' lang='lat' dir='ltr'>lo</span> 
     </span>
     <span class='ocr_line' id='line_1_10' title="bbox 306 1437 1269 1509; baseline 0.002 -14"><span class='ocrx_word' id='word_1_71' title='bbox 306 1457 311 1468; x_wconf 92' lang='lat'><strong>·</strong></span> <span class='ocrx_word' id='word_1_72' title='bbox 332 1446 438 1509; x_wconf 80' lang='lat' dir='ltr'>(luuntur,</span> <span class='ocrx_word' id='word_1_73' title='bbox 453 1459 484 1498; x_wconf 87' lang='lat' dir='ltr'>se</span> <span class='ocrx_word' id='word_1_74' title='bbox 505 1441 534 1498; x_wconf 93' lang='lat' dir='ltr'>in</span> <span class='ocrx_word' id='word_1_75' title='bbox 555 1439 698 1498; x_wconf 87' lang='lat' dir='ltr'>beneficiis</span> <span class='ocrx_word' id='word_1_76' title='bbox 720 1437 892 1497; x_wconf 68' lang='lat' dir='ltr'>collocandis</span> <span class='ocrx_word' id='word_1_77' title='bbox 915 1460 1007 1498; x_wconf 91' lang='lat' dir='ltr'>meres</span> <span class='ocrx_word' id='word_1_78' title='bbox 1035 1440 1190 1506; x_wconf 91' lang='lat' dir='ltr'>hominum,</span> <span class='ocrx_word' id='word_1_79' title='bbox 1212 1459 1269 1497; x_wconf 93' lang='lat' dir='ltr'>non</span> 
     </span>
     <span class='ocr_line' id='line_1_11' title="bbox 331 1520 1303 1608; baseline -0.002 -20"><span class='ocrx_word' id='word_1_80' title='bbox 331 1520 447 1588; x_wconf 65' lang='lat' dir='ltr'>itrtrrrrem</span> <span class='ocrx_word' id='word_1_81' title='bbox 466 1529 555 1608; x_wconf 90' lang='lat' dir='ltr'>sequi.</span> <span class='ocrx_word' id='word_1_82' title='bbox 597 1531 727 1588; x_wconf 82' lang='lat' dir='ltr'><strong>Honesta</strong></span> <span class='ocrx_word' id='word_1_83' title='bbox 740 1530 830 1587; x_wconf 84' lang='lat' dir='ltr'>oratio</span> <span class='ocrx_word' id='word_1_84' title='bbox 844 1538 896 1588; x_wconf 90' lang='lat' dir='ltr'>est.</span> <span class='ocrx_word' id='word_1_85' title='bbox 938 1530 996 1588; x_wconf 86' lang='lat' dir='ltr'>Sed</span> <span class='ocrx_word' id='word_1_86' title='bbox 1010 1531 1073 1607; x_wconf 89' lang='lat' dir='ltr'>quis</span> <span class='ocrx_word' id='word_1_87' title='bbox 1087 1538 1131 1587; x_wconf 89' lang='lat' dir='ltr'>est</span> <span class='ocrx_word' id='word_1_88' title='bbox 1145 1530 1270 1597; x_wconf 77' lang='lat' dir='ltr'>tandem,</span> <span class='ocrx_word' id='word_1_89' title='bbox 1287 1536 1303 1586; x_wconf 83' lang='lat'>2</span> 
     </span>
     <span class='ocr_line' id='line_1_12' title="bbox 330 1613 1273 1698; baseline 0 -22"><span class='ocrx_word' id='word_1_90' title='bbox 330 1613 471 1698; x_wconf 74' lang='lat' dir='ltr'>eutropis</span> <span class='ocrx_word' id='word_1_91' title='bbox 495 1628 525 1678; x_wconf 91' lang='lat' dir='ltr'>et</span> <span class='ocrx_word' id='word_1_92' title='bbox 552 1620 653 1697; x_wconf 92' lang='lat' dir='ltr'>optimi</span> <span class='ocrx_word' id='word_1_93' title='bbox 676 1620 727 1677; x_wconf 83' lang='lat' dir='ltr'>viri</span> <span class='ocrx_word' id='word_1_94' title='bbox 747 1638 842 1677; x_wconf 71' lang='lat' dir='ltr'>causeo</span> <span class='ocrx_word' id='word_1_95' title='bbox 869 1639 927 1677; x_wconf 89' lang='lat' dir='ltr'>non</span> <span class='ocrx_word' id='word_1_96' title='bbox 952 1626 1115 1696; x_wconf 86' lang='lat' dir='ltr'>anteponat,</span> <span class='ocrx_word' id='word_1_97' title='bbox 1137 1620 1273 1696; x_wconf 80' lang='lat' dir='ltr'>inopere</span> 
     </span>
     <span class='ocr_line' id='line_1_13' title="bbox 328 1695 1304 1788; baseline 0.001 -23"><span class='ocrx_word' id='word_1_98' title='bbox 328 1695 410 1777; x_wconf 71' lang='lat' dir='ltr'>danda,</span> <span class='ocrx_word' id='word_1_99' title='bbox 420 1710 543 1788; x_wconf 80' lang='lat' dir='ltr'>gratiam</span> <span class='ocrx_word' id='word_1_100' title='bbox 553 1710 690 1768; x_wconf 87' lang='lat' dir='ltr'>fortunati</span> <span class='ocrx_word' id='word_1_101' title='bbox 700 1716 729 1767; x_wconf 90' lang='lat' dir='ltr'>et</span> <span class='ocrx_word' id='word_1_102' title='bbox 740 1711 863 1787; x_wconf 87' lang='lat' dir='ltr'>potentis</span> <span class='ocrx_word' id='word_1_103' title='bbox 874 1711 888 1767; x_wconf 79' lang='lat' dir='ltr'>t</span> <span class='ocrx_word' id='word_1_104' title='bbox 920 1710 949 1766; x_wconf 87' lang='lat' dir='ltr'>A</span> <span class='ocrx_word' id='word_1_105' title='bbox 960 1729 1017 1785; x_wconf 92' lang='lat' dir='ltr'>quo</span> <span class='ocrx_word' id='word_1_106' title='bbox 1032 1709 1105 1766; x_wconf 93' lang='lat' dir='ltr'>enim</span> <span class='ocrx_word' id='word_1_107' title='bbox 1116 1709 1273 1785; x_wconf 84' lang='lat' dir='ltr'>expeditior</span> <span class='ocrx_word' id='word_1_108' title='bbox 1287 1717 1304 1766; x_wconf 79' lang='lat'><strong>3</strong></span> 
     </span>
     <span class='ocr_line' id='line_1_14' title="bbox 326 1793 1273 1867; baseline 0.004 -16"><span class='ocrx_word' id='word_1_109' title='bbox 326 1793 347 1842; x_wconf 70' lang='lat' dir='ltr'>ti</span> <span class='ocrx_word' id='word_1_110' title='bbox 356 1800 467 1858; x_wconf 88' lang='lat' dir='ltr'>celerior</span> <span class='ocrx_word' id='word_1_111' title='bbox 478 1800 668 1858; x_wconf 84' lang='lat' dir='ltr'>remuneratio</span> <span class='ocrx_word' id='word_1_112' title='bbox 682 1799 742 1858; x_wconf 82' lang='lat' dir='ltr'>fore</span> <span class='ocrx_word' id='word_1_113' title='bbox 753 1800 874 1867; x_wconf 87' lang='lat' dir='ltr'>videtur,</span> <span class='ocrx_word' id='word_1_114' title='bbox 886 1800 914 1856; x_wconf 94' lang='lat' dir='ltr'>iu</span> <span class='ocrx_word' id='word_1_115' title='bbox 929 1819 995 1856; x_wconf 90' lang='lat' dir='ltr'>eum</span> <span class='ocrx_word' id='word_1_116' title='bbox 1009 1799 1069 1856; x_wconf 83' lang='lat' dir='ltr'>fere</span> <span class='ocrx_word' id='word_1_117' title='bbox 1084 1804 1127 1855; x_wconf 91' lang='lat' dir='ltr'>est</span> <span class='ocrx_word' id='word_1_118' title='bbox 1141 1798 1273 1856; x_wconf 78' lang='lat' dir='ltr'>voluntas</span> 
     </span>
     <span class='ocr_line' id='line_1_15' title="bbox 321 1888 1305 1968; baseline -0.001 -21"><span class='ocrx_word' id='word_1_119' title='bbox 321 1890 403 1947; x_wconf 66' lang='lat' dir='ltr'>³th</span> <span class='ocrx_word' id='word_1_120' title='bbox 410 1890 584 1968; x_wconf 85' lang='lat' dir='ltr'>propensior.</span> <span class='ocrx_word' id='word_1_121' title='bbox 607 1890 665 1949; x_wconf 86' lang='lat' dir='ltr'>Sed</span> <span class='ocrx_word' id='word_1_122' title='bbox 674 1890 957 1948; x_wconf 77' lang='lat' dir='ltr'>animadvertendum</span> <span class='ocrx_word' id='word_1_123' title='bbox 968 1897 1012 1947; x_wconf 91' lang='lat' dir='ltr'>est</span> <span class='ocrx_word' id='word_1_124' title='bbox 1023 1888 1194 1967; x_wconf 85' lang='lat' dir='ltr'>diligentius,</span> <span class='ocrx_word' id='word_1_125' title='bbox 1207 1908 1271 1965; x_wconf 80' lang='lat' dir='ltr'>quae</span> <span class='ocrx_word' id='word_1_126' title='bbox 1288 1896 1305 1945; x_wconf 79' lang='lat'>4</span> 
     </span>
     <span class='ocr_line' id='line_1_16' title="bbox 319 1977 1274 2064; baseline -0.001 -28"><span class='ocrx_word' id='word_1_127' title='bbox 319 1977 408 2064; x_wconf 49' lang='lat' dir='ltr'>”diurn</span> <span class='ocrx_word' id='word_1_128' title='bbox 430 2000 525 2038; x_wconf 88' lang='lat' dir='ltr'>rerum</span> <span class='ocrx_word' id='word_1_129' title='bbox 547 1979 592 2037; x_wconf 92' lang='lat' dir='ltr'>sit.</span> <span class='ocrx_word' id='word_1_130' title='bbox 634 1980 775 2038; x_wconf 86' lang='lat' dir='ltr'>Nimirum</span> <span class='ocrx_word' id='word_1_131' title='bbox 800 1980 875 2037; x_wconf 90' lang='lat' dir='ltr'>enim</span> <span class='ocrx_word' id='word_1_132' title='bbox 899 1980 981 2057; x_wconf 90' lang='lat' dir='ltr'>inops</span> <span class='ocrx_word' id='word_1_133' title='bbox 1003 1980 1059 2046; x_wconf 90' lang='lat' dir='ltr'>illc,</span> <span class='ocrx_word' id='word_1_134' title='bbox 1074 1980 1097 2036; x_wconf 91' lang='lat' dir='ltr'>si</span> <span class='ocrx_word' id='word_1_135' title='bbox 1118 1980 1209 2036; x_wconf 91' lang='lat' dir='ltr'>bonus</span> <span class='ocrx_word' id='word_1_136' title='bbox 1230 1987 1274 2036; x_wconf 86' lang='lat' dir='ltr'>est</span> 
     </span>
     <span class='ocr_line' id='line_1_17' title="bbox 317 2068 1272 2148; baseline 0.001 -22"><span class='ocrx_word' id='word_1_137' title='bbox 317 2068 359 2127; x_wconf 59' lang='lat' dir='ltr'>br,</span> <span class='ocrx_word' id='word_1_138' title='bbox 375 2070 480 2127; x_wconf 80' lang='lat' dir='ltr'>etiamsi</span> <span class='ocrx_word' id='word_1_139' title='bbox 494 2071 599 2128; x_wconf 88' lang='lat' dir='ltr'>referre</span> <span class='ocrx_word' id='word_1_140' title='bbox 619 2069 741 2148; x_wconf 79' lang='lat' dir='ltr'>gratiam</span> <span class='ocrx_word' id='word_1_141' title='bbox 761 2089 818 2127; x_wconf 93' lang='lat' dir='ltr'>non</span> <span class='ocrx_word' id='word_1_142' title='bbox 839 2077 941 2146; x_wconf 89' lang='lat' dir='ltr'>potest,</span> <span class='ocrx_word' id='word_1_143' title='bbox 957 2071 1063 2127; x_wconf 83' lang='lat' dir='ltr'>habere</span> <span class='ocrx_word' id='word_1_144' title='bbox 1077 2077 1153 2127; x_wconf 88' lang='lat' dir='ltr'>certe</span> <span class='ocrx_word' id='word_1_145' title='bbox 1169 2077 1272 2147; x_wconf 85' lang='lat' dir='ltr'>potest.</span> 
     </span>
     <span class='ocr_line' id='line_1_18' title="bbox 315 2140 1305 2238; baseline 0 -21"><span class='ocrx_word' id='word_1_146' title='bbox 315 2140 463 2217; x_wconf 67' lang='lat' dir='ltr'>Commode</span> <span class='ocrx_word' id='word_1_147' title='bbox 477 2167 584 2227; x_wconf 81' lang='lat' dir='ltr'>autem,</span> <span class='ocrx_word' id='word_1_148' title='bbox 594 2160 754 2238; x_wconf 83' lang='lat' dir='ltr'>quicunque</span> <span class='ocrx_word' id='word_1_149' title='bbox 768 2159 847 2227; x_wconf 82' lang='lat' dir='ltr'>dixit,</span> <span class='ocrx_word' id='word_1_150' title='bbox 864 2161 1013 2238; x_wconf 84' lang='lat' dir='ltr'>pecuniam</span> <span class='ocrx_word' id='word_1_151' title='bbox 1029 2160 1077 2236; x_wconf 93' lang='lat' dir='ltr'>qui</span> <span class='ocrx_word' id='word_1_152' title='bbox 1090 2160 1203 2228; x_wconf 81' lang='lat' dir='ltr'>habeat,</span> <span class='ocrx_word' id='word_1_153' title='bbox 1218 2180 1274 2217; x_wconf 92' lang='lat' dir='ltr'>neu</span> <span class='ocrx_word' id='word_1_154' title='bbox 1289 2170 1305 2218; x_wconf 83' lang='lat'>5</span> 
     </span>
     <span class='ocr_line' id='line_1_19' title="bbox 311 2238 1273 2328; baseline 0.001 -22"><span class='ocrx_word' id='word_1_155' title='bbox 311 2238 480 2318; x_wconf 76' lang='lat' dir='ltr'>reddidisse3</span> <span class='ocrx_word' id='word_1_156' title='bbox 502 2249 552 2327; x_wconf 93' lang='lat' dir='ltr'>qui</span> <span class='ocrx_word' id='word_1_157' title='bbox 564 2248 725 2318; x_wconf 84' lang='lat' dir='ltr'>reddiderit,</span> <span class='ocrx_word' id='word_1_158' title='bbox 735 2269 792 2307; x_wconf 93' lang='lat' dir='ltr'>non</span> <span class='ocrx_word' id='word_1_159' title='bbox 803 2250 925 2307; x_wconf 81' lang='lat' dir='ltr'>hebere:</span> <span class='ocrx_word' id='word_1_160' title='bbox 947 2250 1070 2327; x_wconf 81' lang='lat' dir='ltr'>gratiam</span> <span class='ocrx_word' id='word_1_161' title='bbox 1079 2257 1174 2307; x_wconf 90' lang='lat' dir='ltr'>autem</span> <span class='ocrx_word' id='word_1_162' title='bbox 1186 2251 1273 2328; x_wconf 90' lang='lat' dir='ltr'>etqui</span> 
     </span>
     <span class='ocr_line' id='line_1_20' title="bbox 310 2334 1306 2418; baseline 0.001 -21"><span class='ocrx_word' id='word_1_163' title='bbox 310 2334 439 2407; x_wconf 68' lang='lat' dir='ltr'>retulerit,</span> <span class='ocrx_word' id='word_1_164' title='bbox 457 2340 583 2408; x_wconf 86' lang='lat' dir='ltr'>habere;</span> <span class='ocrx_word' id='word_1_165' title='bbox 604 2347 634 2398; x_wconf 90' lang='lat' dir='ltr'>et</span> <span class='ocrx_word' id='word_1_166' title='bbox 652 2339 700 2418; x_wconf 93' lang='lat' dir='ltr'>qui</span> <span class='ocrx_word' id='word_1_167' title='bbox 714 2339 828 2408; x_wconf 84' lang='lat' dir='ltr'>babeat,</span> <span class='ocrx_word' id='word_1_168' title='bbox 842 2340 980 2399; x_wconf 86' lang='lat' dir='ltr'>retulisse.</span> <span class='ocrx_word' id='word_1_169' title='bbox 1023 2341 1074 2408; x_wconf 91' lang='lat' dir='ltr'>At,</span> <span class='ocrx_word' id='word_1_170' title='bbox 1090 2341 1138 2418; x_wconf 93' lang='lat' dir='ltr'>qui</span> <span class='ocrx_word' id='word_1_171' title='bbox 1152 2358 1183 2399; x_wconf 93' lang='lat' dir='ltr'>se</span> <span class='ocrx_word' id='word_1_172' title='bbox 1196 2341 1273 2400; x_wconf 86' lang='lat' dir='ltr'>locu·</span> <span class='ocrx_word' id='word_1_173' title='bbox 1289 2347 1306 2398; x_wconf 90' lang='grc'><strong>6</strong></span> 
     </span>
     <span class='ocr_line' id='line_1_21' title="bbox 309 2414 1273 2514; baseline 0.003 -27"><span class='ocrx_word' id='word_1_174' title='bbox 309 2414 409 2514; x_wconf 50' lang='lat' dir='ltr'>Netos,</span> <span class='ocrx_word' id='word_1_175' title='bbox 424 2430 588 2497; x_wconf 86' lang='lat' dir='ltr'>honoratos,</span> <span class='ocrx_word' id='word_1_176' title='bbox 603 2431 704 2488; x_wconf 87' lang='lat' dir='ltr'>beatos</span> <span class='ocrx_word' id='word_1_177' title='bbox 718 2437 830 2507; x_wconf 82' lang='lat' dir='ltr'>putent,</span> <span class='ocrx_word' id='word_1_178' title='bbox 845 2431 863 2487; x_wconf 92' lang='lat' dir='ltr'>ii</span> <span class='ocrx_word' id='word_1_179' title='bbox 877 2450 912 2488; x_wconf 92' lang='lat' dir='ltr'>ne</span> <span class='ocrx_word' id='word_1_180' title='bbox 926 2431 1046 2510; x_wconf 79' lang='lat' dir='ltr'>obligari</span> <span class='ocrx_word' id='word_1_181' title='bbox 1060 2431 1175 2508; x_wconf 90' lang='lat' dir='ltr'>quidem</span> <span class='ocrx_word' id='word_1_182' title='bbox 1189 2433 1273 2490; x_wconf 89' lang='lat' dir='ltr'>bene·</span> 
     </span>
     <span class='ocr_line' id='line_1_22' title="bbox 308 2500 1272 2599; baseline 0.001 -22"><span class='ocrx_word' id='word_1_183' title='bbox 308 2500 500 2589; x_wconf 66' lang='lat' dir='ltr'>ficiovolunm</span> <span class='ocrx_word' id='word_1_184' title='bbox 522 2521 590 2599; x_wconf 90' lang='lat' dir='ltr'>quin</span> <span class='ocrx_word' id='word_1_185' title='bbox 612 2521 697 2579; x_wconf 82' lang='lat' dir='ltr'>etiam</span> <span class='ocrx_word' id='word_1_186' title='bbox 720 2521 887 2579; x_wconf 89' lang='lat' dir='ltr'>beneficium</span> <span class='ocrx_word' id='word_1_187' title='bbox 908 2542 938 2579; x_wconf 94' lang='lat' dir='ltr'>se</span> <span class='ocrx_word' id='word_1_188' title='bbox 959 2522 1071 2579; x_wconf 84' lang='lat' dir='ltr'>dedisse</span> <span class='ocrx_word' id='word_1_189' title='bbox 1092 2522 1272 2589; x_wconf 83' lang='lat' dir='ltr'>arbitrantur,</span> 
     </span>
     <span class='ocr_line' id='line_1_23' title="bbox 310 2610 1274 2689; baseline 0.001 -22"><span class='ocrx_word' id='word_1_190' title='bbox 310 2610 374 2667; x_wconf 58' lang='lat' dir='ltr'>“um</span> <span class='ocrx_word' id='word_1_191' title='bbox 388 2611 443 2689; x_wconf 92' lang='lat' dir='ltr'>ipsi</span> <span class='ocrx_word' id='word_1_192' title='bbox 458 2611 586 2688; x_wconf 80' lang='lat' dir='ltr'>quamvis</span> <span class='ocrx_word' id='word_1_193' title='bbox 599 2630 737 2688; x_wconf 79' lang='lat' dir='ltr'>magnum</span> <span class='ocrx_word' id='word_1_194' title='bbox 756 2611 872 2687; x_wconf 80' lang='lat' dir='ltr'>aliquod</span> <span class='ocrx_word' id='word_1_195' title='bbox 892 2611 1052 2689; x_wconf 85' lang='lat' dir='ltr'>occeperint</span> <span class='ocrx_word' id='word_1_196' title='bbox 1061 2631 1068 2679; x_wconf 94' lang='lat'>;</span> <span class='ocrx_word' id='word_1_197' title='bbox 1089 2620 1175 2689; x_wconf 85' lang='lat' dir='ltr'>etque</span> <span class='ocrx_word' id='word_1_198' title='bbox 1190 2613 1274 2669; x_wconf 87' lang='lat' dir='ltr'>etiam</span> 
     </span>
     <span class='ocr_line' id='line_1_24' title="bbox 312 2694 1274 2780; baseline -0.001 -22"><span class='ocrx_word' id='word_1_199' title='bbox 312 2701 372 2758; x_wconf 71' lang='lat' dir='ltr'>ase</span> <span class='ocrx_word' id='word_1_200' title='bbox 384 2708 436 2759; x_wconf 84' lang='lat' dir='ltr'>eut</span> <span class='ocrx_word' id='word_1_201' title='bbox 449 2701 589 2780; x_wconf 83' lang='lat' dir='ltr'>postulari</span> <span class='ocrx_word' id='word_1_202' title='bbox 609 2708 659 2758; x_wconf 82' lang='lat' dir='ltr'>aut</span> <span class='ocrx_word' id='word_1_203' title='bbox 679 2694 823 2778; x_wconf 84' lang='lat' dir='ltr'>expectari</span> <span class='ocrx_word' id='word_1_204' title='bbox 843 2701 948 2778; x_wconf 87' lang='lat' dir='ltr'>aliquid</span> <span class='ocrx_word' id='word_1_205' title='bbox 963 2702 1158 2778; x_wconf 83' lang='lat' dir='ltr'>suspieentur:</span> <span class='ocrx_word' id='word_1_206' title='bbox 1181 2710 1274 2778; x_wconf 80' lang='lat' dir='ltr'>putro-</span> 
     </span>
     <span class='ocr_line' id='line_1_25' title="bbox 313 2780 1274 2869; baseline 0 -21"><span class='ocrx_word' id='word_1_207' title='bbox 313 2780 380 2850; x_wconf 79' lang='lat' dir='ltr'>tinio</span> <span class='ocrx_word' id='word_1_208' title='bbox 394 2810 462 2849; x_wconf 86' lang='lat' dir='ltr'>vero</span> <span class='ocrx_word' id='word_1_209' title='bbox 475 2810 507 2849; x_wconf 90' lang='lat' dir='ltr'>se</span> <span class='ocrx_word' id='word_1_210' title='bbox 520 2810 588 2849; x_wconf 88' lang='lat' dir='ltr'>usos</span> <span class='ocrx_word' id='word_1_211' title='bbox 602 2797 652 2848; x_wconf 88' lang='lat' dir='ltr'>aut</span> <span class='ocrx_word' id='word_1_212' title='bbox 667 2791 782 2849; x_wconf 89' lang='lat' dir='ltr'>clientes</span> <span class='ocrx_word' id='word_1_213' title='bbox 792 2791 939 2869; x_wconf 83' lang='lat' dir='ltr'>appellari,</span> <span class='ocrx_word' id='word_1_214' title='bbox 951 2791 1048 2847; x_wconf 88' lang='lat' dir='ltr'>mortis</span> <span class='ocrx_word' id='word_1_215' title='bbox 1062 2791 1150 2847; x_wconf 76' lang='lat' dir='ltr'>iustnr</span> <span class='ocrx_word' id='word_1_216' title='bbox 1165 2798 1274 2867; x_wconf 87' lang='lat' dir='ltr'>putant.</span> 
     </span>
     <span class='ocr_line' id='line_1_26' title="bbox 315 2871 1307 2958; baseline 0 -21"><span class='ocrx_word' id='word_1_217' title='bbox 315 2871 353 2937; x_wconf 78' lang='lat' dir='ltr'>At</span> <span class='ocrx_word' id='word_1_218' title='bbox 364 2900 432 2940; x_wconf 83' lang='lat' dir='ltr'>vero</span> <span class='ocrx_word' id='word_1_219' title='bbox 453 2881 500 2939; x_wconf 91' lang='lat' dir='ltr'>ille</span> <span class='ocrx_word' id='word_1_220' title='bbox 520 2881 621 2949; x_wconf 88' lang='lat' dir='ltr'>tenuis,</span> <span class='ocrx_word' id='word_1_221' title='bbox 637 2901 711 2949; x_wconf 86' lang='lat' dir='ltr'>cum,</span> <span class='ocrx_word' id='word_1_222' title='bbox 727 2882 862 2958; x_wconf 92' lang='lat' dir='ltr'>quicquid</span> <span class='ocrx_word' id='word_1_223' title='bbox 876 2882 985 2938; x_wconf 85' lang='lat' dir='ltr'>foetum</span> <span class='ocrx_word' id='word_1_224' title='bbox 999 2881 1044 2946; x_wconf 88' lang='lat' dir='ltr'>sit,</span> <span class='ocrx_word' id='word_1_225' title='bbox 1059 2898 1090 2935; x_wconf 91' lang='lat' dir='ltr'>se</span> <span class='ocrx_word' id='word_1_226' title='bbox 1104 2887 1275 2955; x_wconf 85' lang='lat' dir='ltr'>spectatum,</span> <span class='ocrx_word' id='word_1_227' title='bbox 1292 2887 1307 2937; x_wconf 72' lang='lat'><strong>7</strong></span> 
     </span>
     <span class='ocr_line' id='line_1_27' title="bbox 302 2968 1277 3049; baseline 0.001 -24"><span class='ocrx_word' id='word_1_228' title='bbox 302 2979 365 3029; x_wconf 78' lang='lat' dir='ltr'>·non</span> <span class='ocrx_word' id='word_1_229' title='bbox 374 2972 520 3030; x_wconf 79' lang='lat' dir='ltr'>fortunam</span> <span class='ocrx_word' id='word_1_230' title='bbox 531 2977 623 3049; x_wconf 86' lang='lat' dir='ltr'>putat,</span> <span class='ocrx_word' id='word_1_231' title='bbox 632 2990 689 3029; x_wconf 92' lang='lat' dir='ltr'>non</span> <span class='ocrx_word' id='word_1_232' title='bbox 703 2971 789 3028; x_wconf 89' lang='lat' dir='ltr'>modo</span> <span class='ocrx_word' id='word_1_233' title='bbox 804 2972 852 3039; x_wconf 90' lang='lat' dir='ltr'>illi,</span> <span class='ocrx_word' id='word_1_234' title='bbox 865 2971 914 3047; x_wconf 92' lang='lat' dir='ltr'>qui</span> <span class='ocrx_word' id='word_1_235' title='bbox 929 2976 974 3026; x_wconf 88' lang='lat' dir='ltr'>est</span> <span class='ocrx_word' id='word_1_236' title='bbox 984 2968 1113 3035; x_wconf 88' lang='lat' dir='ltr'>meritus,</span> <span class='ocrx_word' id='word_1_237' title='bbox 1126 2968 1176 3025; x_wconf 91' lang='lat' dir='ltr'>sed</span> <span class='ocrx_word' id='word_1_238' title='bbox 1192 2968 1277 3026; x_wconf 87' lang='lat' dir='ltr'>etiarn</span> 
     </span>
     <span class='ocr_line' id='line_1_28' title="bbox 318 3052 1277 3149; baseline -0.002 -31"><span class='ocrx_word' id='word_1_239' title='bbox 318 3052 370 3129; x_wconf 85' lang='lat' dir='ltr'>illis,</span> <span class='ocrx_word' id='word_1_240' title='bbox 384 3081 402 3119; x_wconf 84' lang='lat' dir='ltr'><strong>a</strong></span> <span class='ocrx_word' id='word_1_241' title='bbox 415 3061 520 3139; x_wconf 90' lang='lat' dir='ltr'>quibus</span> <span class='ocrx_word' id='word_1_242' title='bbox 541 3068 675 3139; x_wconf 77' lang='lat' dir='ltr'>expectat</span> <span class='ocrx_word' id='word_1_243' title='bbox 689 3058 768 3149; x_wconf 78' lang='lat' dir='ltr'>(eget</span> <span class='ocrx_word' id='word_1_244' title='bbox 788 3062 863 3118; x_wconf 91' lang='lat' dir='ltr'>enim</span> <span class='ocrx_word' id='word_1_245' title='bbox 883 3057 995 3136; x_wconf 81' lang='lat' dir='ltr'>muitis)</span> <span class='ocrx_word' id='word_1_246' title='bbox 1009 3065 1124 3136; x_wconf 78' lang='lat' dir='ltr'>gratum</span> <span class='ocrx_word' id='word_1_247' title='bbox 1144 3078 1174 3115; x_wconf 92' lang='lat' dir='ltr'>se</span> <span class='ocrx_word' id='word_1_248' title='bbox 1189 3058 1277 3116; x_wconf 81' lang='lat' dir='ltr'>rideri</span> 
     </span>
     <span class='ocr_line' id='line_1_29' title="bbox 319 3142 1276 3229; baseline 0 -24"><span class='ocrx_word' id='word_1_249' title='bbox 319 3150 423 3210; x_wconf 83' lang='lat' dir='ltr'>studet:</span> <span class='ocrx_word' id='word_1_250' title='bbox 445 3170 538 3229; x_wconf 90' lang='lat' dir='ltr'>neque</span> <span class='ocrx_word' id='word_1_251' title='bbox 549 3146 619 3209; x_wconf 62' lang='lat' dir='ltr'>&#39;vero</span> <span class='ocrx_word' id='word_1_252' title='bbox 633 3151 726 3209; x_wconf 79' lang='lat' dir='ltr'>verbis</span> <span class='ocrx_word' id='word_1_253' title='bbox 744 3142 838 3229; x_wconf 75' lang='lat' dir='ltr'>&#39;auget</span> <span class='ocrx_word' id='word_1_254' title='bbox 858 3170 942 3208; x_wconf 91' lang='lat' dir='ltr'>suum</span> <span class='ocrx_word' id='word_1_255' title='bbox 962 3169 1075 3217; x_wconf 93' lang='lat' dir='ltr'>munus,</span> <span class='ocrx_word' id='word_1_256' title='bbox 1090 3149 1113 3207; x_wconf 92' lang='lat' dir='ltr'>si</span> <span class='ocrx_word' id='word_1_257' title='bbox 1126 3168 1183 3227; x_wconf 93' lang='lat' dir='ltr'>quo</span> <span class='ocrx_word' id='word_1_258' title='bbox 1203 3150 1276 3206; x_wconf 83' lang='lat' dir='ltr'>sorte</span> 
     </span>
     <span class='ocr_line' id='line_1_30' title="bbox 315 3237 1308 3320; baseline -0.001 -21"><span class='ocrx_word' id='word_1_259' title='bbox 315 3237 442 3320; x_wconf 82' lang='lat' dir='ltr'>fungitur,</span> <span class='ocrx_word' id='word_1_260' title='bbox 453 3242 505 3299; x_wconf 92' lang='lat' dir='ltr'>sed</span> <span class='ocrx_word' id='word_1_261' title='bbox 519 3241 604 3299; x_wconf 84' lang='lat' dir='ltr'>etiam</span> <span class='ocrx_word' id='word_1_262' title='bbox 618 3249 762 3301; x_wconf 81' lang='lat' dir='ltr'>extenuet.</span> <span class='ocrx_word' id='word_1_263' title='bbox 803 3240 1025 3317; x_wconf 90' lang='lat' dir='ltr'>Videndumque</span> <span class='ocrx_word' id='word_1_264' title='bbox 1039 3240 1110 3297; x_wconf 90' lang='lat' dir='ltr'>illud</span> <span class='ocrx_word' id='word_1_265' title='bbox 1124 3246 1176 3307; x_wconf 90' lang='lat' dir='ltr'>est,</span> <span class='ocrx_word' id='word_1_266' title='bbox 1187 3240 1274 3316; x_wconf 91' lang='lat' dir='ltr'>quod,</span> <span class='ocrx_word' id='word_1_267' title='bbox 1291 3248 1308 3298; x_wconf 81' lang='lat'><em>8</em></span> 
     </span>
     <span class='ocr_line' id='line_1_31' title="bbox 314 3331 1276 3409; baseline 0.001 -21"><span class='ocrx_word' id='word_1_268' title='bbox 314 3331 334 3388; x_wconf 84' lang='lat' dir='ltr'>si</span> <span class='ocrx_word' id='word_1_269' title='bbox 345 3332 513 3409; x_wconf 88' lang='lat' dir='ltr'>opulentum</span> <span class='ocrx_word' id='word_1_270' title='bbox 533 3331 766 3408; x_wconf 82' lang='lat' dir='ltr'>fortunatumque</span> <span class='ocrx_word' id='word_1_271' title='bbox 781 3331 950 3399; x_wconf 87' lang='lat' dir='ltr'>defenderis,</span> <span class='ocrx_word' id='word_1_272' title='bbox 966 3331 994 3388; x_wconf 91' lang='lat' dir='ltr'>in</span> <span class='ocrx_word' id='word_1_273' title='bbox 1008 3350 1065 3388; x_wconf 93' lang='lat' dir='ltr'>uno</span> <span class='ocrx_word' id='word_1_274' title='bbox 1078 3331 1125 3388; x_wconf 87' lang='lat' dir='ltr'>iilo</span> <span class='ocrx_word' id='word_1_275' title='bbox 1139 3338 1190 3388; x_wconf 86' lang='lat' dir='ltr'>eut</span> <span class='ocrx_word' id='word_1_276' title='bbox 1203 3332 1276 3389; x_wconf 88' lang='lat' dir='ltr'>sorte</span> 
     </span>
     <span class='ocr_line' id='line_1_32' title="bbox 315 3398 1276 3500; baseline 0 -22"><span class='ocrx_word' id='word_1_277' title='bbox 315 3420 341 3478; x_wconf 90' lang='lat' dir='ltr'>in</span> <span class='ocrx_word' id='word_1_278' title='bbox 354 3421 450 3480; x_wconf 85' lang='lat' dir='ltr'>liberis</span> <span class='ocrx_word' id='word_1_279' title='bbox 472 3422 534 3499; x_wconf 90' lang='lat' dir='ltr'>ejus</span> <span class='ocrx_word' id='word_1_280' title='bbox 554 3398 651 3479; x_wconf 59' lang='lat' dir='ltr'>diduci</span> <span class='ocrx_word' id='word_1_281' title='bbox 665 3422 773 3500; x_wconf 84' lang='lat' dir='ltr'>gratia3</span> <span class='ocrx_word' id='word_1_282' title='bbox 794 3422 837 3497; x_wconf 84' lang='lat' dir='ltr'>sin</span> <span class='ocrx_word' id='word_1_283' title='bbox 851 3428 947 3478; x_wconf 85' lang='lat' dir='ltr'>autem</span> <span class='ocrx_word' id='word_1_284' title='bbox 962 3421 1082 3497; x_wconf 91' lang='lat' dir='ltr'>inopem,</span> <span class='ocrx_word' id='word_1_285' title='bbox 1098 3422 1221 3498; x_wconf 86' lang='lat' dir='ltr'>probum</span> <span class='ocrx_word' id='word_1_286' title='bbox 1235 3429 1276 3478; x_wconf 85' lang='lat' dir='ltr'>ta-</span> 
     </span>
     <span class='ocr_line' id='line_1_33' title="bbox 312 3511 1278 3591; baseline -0.002 -21"><span class='ocrx_word' id='word_1_287' title='bbox 312 3531 376 3571; x_wconf 86' lang='lat' dir='ltr'>men</span> <span class='ocrx_word' id='word_1_288' title='bbox 389 3518 420 3569; x_wconf 91' lang='lat' dir='ltr'>et</span> <span class='ocrx_word' id='word_1_289' title='bbox 433 3511 607 3578; x_wconf 85' lang='lat' dir='ltr'>modestum,</span> <span class='ocrx_word' id='word_1_290' title='bbox 623 3531 720 3569; x_wconf 90' lang='lat' dir='ltr'>omnes</span> <span class='ocrx_word' id='word_1_291' title='bbox 734 3531 791 3569; x_wconf 92' lang='lat' dir='ltr'>non</span> <span class='ocrx_word' id='word_1_292' title='bbox 805 3511 927 3591; x_wconf 81' lang='lat' dir='ltr'>improbi</span> <span class='ocrx_word' id='word_1_293' title='bbox 939 3511 1062 3567; x_wconf 87' lang='lat' dir='ltr'>humiles</span> <span class='ocrx_word' id='word_1_294' title='bbox 1082 3511 1160 3588; x_wconf 83' lang='lat' dir='ltr'>(quae</span> <span class='ocrx_word' id='word_1_295' title='bbox 1173 3531 1278 3590; x_wconf 81' lang='lat' dir='ltr'>magna</span> 
     </span>
     <span class='ocr_line' id='line_1_34' title="bbox 309 3580 1276 3681; baseline -0.001 -21"><span class='ocrx_word' id='word_1_296' title='bbox 309 3602 337 3660; x_wconf 90' lang='lat' dir='ltr'>in</span> <span class='ocrx_word' id='word_1_297' title='bbox 359 3601 470 3681; x_wconf 90' lang='lat' dir='ltr'>populo</span> <span class='ocrx_word' id='word_1_298' title='bbox 495 3601 650 3659; x_wconf 88' lang='lat' dir='ltr'>multitudo</span> <span class='ocrx_word' id='word_1_299' title='bbox 674 3599 731 3680; x_wconf 88' lang='lat' dir='ltr'>est)</span> <span class='ocrx_word' id='word_1_300' title='bbox 758 3580 930 3679; x_wconf 68' lang='lat' dir='ltr'>iiraesidium&#39;</span> <span class='ocrx_word' id='word_1_301' title='bbox 946 3600 999 3657; x_wconf 90' lang='lat' dir='ltr'>sibi</span> <span class='ocrx_word' id='word_1_302' title='bbox 1019 3608 1151 3677; x_wconf 84' lang='lat' dir='ltr'>paratum</span> <span class='ocrx_word' id='word_1_303' title='bbox 1171 3602 1276 3659; x_wconf 85' lang='lat' dir='ltr'>vident.</span> 
     </span>
     <span class='ocr_line' id='line_1_35' title="bbox 306 3691 1310 3769; baseline -0.004 -18"><span class='ocrx_word' id='word_1_304' title='bbox 306 3692 504 3763; x_wconf 73' lang='lat' dir='ltr'>Quamobrem</span> <span class='ocrx_word' id='word_1_305' title='bbox 523 3692 623 3750; x_wconf 89' lang='lat' dir='ltr'>melius</span> <span class='ocrx_word' id='word_1_306' title='bbox 644 3692 723 3769; x_wconf 81' lang='lat' dir='ltr'>apud</span> <span class='ocrx_word' id='word_1_307' title='bbox 742 3693 841 3759; x_wconf 89' lang='lat' dir='ltr'>bonos,</span> <span class='ocrx_word' id='word_1_308' title='bbox 855 3709 942 3768; x_wconf 85' lang='lat' dir='ltr'>quam</span> <span class='ocrx_word' id='word_1_309' title='bbox 955 3691 1034 3768; x_wconf 86' lang='lat' dir='ltr'>apud</span> <span class='ocrx_word' id='word_1_310' title='bbox 1047 3691 1213 3759; x_wconf 70' lang='lat' dir='ltr'>fortunatos</span> <span class='ocrx_word' id='word_1_311' title='bbox 1229 3692 1277 3748; x_wconf 93' lang='lat' dir='ltr'>be·</span> <span class='ocrx_word' id='word_1_312' title='bbox 1293 3696 1310 3747; x_wconf 76' lang='lat' dir='ltr'>t)</span> 
     </span>
     <span class='ocr_line' id='line_1_36' title="bbox 303 3780 1406 3859; baseline -0.005 -18"><span class='ocrx_word' id='word_1_313' title='bbox 303 3780 442 3843; x_wconf 87' lang='lat' dir='ltr'>neficium</span> <span class='ocrx_word' id='word_1_314' title='bbox 456 3780 588 3840; x_wconf 86' lang='lat' dir='ltr'>collocari</span> <span class='ocrx_word' id='word_1_315' title='bbox 601 3789 681 3859; x_wconf 86' lang='lat' dir='ltr'>puto.</span> <span class='ocrx_word' id='word_1_316' title='bbox 723 3781 828 3839; x_wconf 84' lang='lat' dir='ltr'>Danda</span> <span class='ocrx_word' id='word_1_317' title='bbox 848 3781 961 3839; x_wconf 90' lang='lat' dir='ltr'>omniuo</span> <span class='ocrx_word' id='word_1_318' title='bbox 982 3800 1070 3858; x_wconf 87' lang='lat' dir='ltr'>opera</span> <span class='ocrx_word' id='word_1_319' title='bbox 1089 3780 1330 3849; x_wconf 86' lang='lat' dir='ltr'>est,utomni10</span> <span class='ocrx_word' id='word_1_320' title='bbox 1402 3818 1406 3825; x_wconf 87' lang='lat'><em>-</em></span> 
     </span>
     <span class='ocr_line' id='line_1_37' title="bbox 301 3870 1277 3955; baseline -0.006 -25"><span class='ocrx_word' id='word_1_321' title='bbox 301 3871 406 3955; x_wconf 80' lang='lat' dir='ltr'>generi</span> <span class='ocrx_word' id='word_1_322' title='bbox 419 3870 490 3930; x_wconf 83' lang='lat' dir='ltr'>satis</span> <span class='ocrx_word' id='word_1_323' title='bbox 510 3873 604 3930; x_wconf 87' lang='lat' dir='ltr'>facere</span> <span class='ocrx_word' id='word_1_324' title='bbox 624 3872 765 3950; x_wconf 89' lang='lat' dir='ltr'>possimus</span> <span class='ocrx_word' id='word_1_325' title='bbox 777 3874 789 3928; x_wconf 74' lang='lat'>:‘</span> <span class='ocrx_word' id='word_1_326' title='bbox 805 3871 856 3930; x_wconf 88' lang='lat' dir='ltr'>sed</span> <span class='ocrx_word' id='word_1_327' title='bbox 871 3871 895 3928; x_wconf 93' lang='lat' dir='ltr'>si</span> <span class='ocrx_word' id='word_1_328' title='bbox 908 3889 954 3929; x_wconf 89' lang='lat' dir='ltr'>res</span> <span class='ocrx_word' id='word_1_329' title='bbox 967 3870 996 3928; x_wconf 92' lang='lat' dir='ltr'>in</span> <span class='ocrx_word' id='word_1_330' title='bbox 1010 3871 1217 3928; x_wconf 83' lang='lat' dir='ltr'>contentionem</span> <span class='ocrx_word' id='word_1_331' title='bbox 1231 3888 1277 3925; x_wconf 84' lang='lat' dir='ltr'>re-</span> 
     </span>
    </p>
   </div>
   <div class='ocr_carea' id='block_1_4' title="bbox 0 0 1634 4775">
    <p class='ocr_par' dir='ltr' id='par_1_5' title="bbox 0 0 1634 4775">
     <span class='ocr_line' id='line_1_38' title="bbox 0 0 1634 4775; baseline 0 0"><span class='ocrx_word' id='word_1_332' title='bbox 0 0 1634 4775; x_wconf 95' lang='lat' dir='ltr'> </span> 
     </span>
    </p>
   </div>
  </div>
 </body>
</html>
