3259 4775
647 603 733 644 uara
746 605 766 645 1.
807 604 874 645 err.
889 604 928 645 ιι.
1261 588 1295 648 Π

311 723 394 791 uentu
409 734 497 792 iratus
519 734 647 813 optavit;
674 754 732 813 quo
751 734 914 814 impetrato,
939 735 967 793 in
986 736 1125 795 maximos
1147 736 1244 796 luctus

308 813 385 882 incidit
420 824 482 883 Neo
505 826 646 905 promissa
665 825 753 905 igitur
779 825 919 884 servanda
939 833 1006 884 sunt
1025 845 1068 895 ea,
1093 847 1158 905 quae
1187 827 1274 887 sintt
1355 867 1360 879 ·

307 904 335 975 ἥδ,
346 913 432 989 quibus
456 915 626 994 promiseris,
642 916 767 975 inutilia:
788 936 842 975 nec
866 918 889 974 si
910 916 975 995 plus
995 918 1046 976 tibi
1066 937 1100 976 ea
1113 925 1242 987 noceant,

304 1004 412 1074 quanissi
431 1006 547 1084 prosint,
564 1008 610 1066 cui
630 1007 801 1086 promiseris
816 1014 916 1066 contra
936 1008 1059 1067 officium
1080 1017 1132 1077 cst,
1148 1009 1242 1088 majus
1293 1069 1295 1076 ,

302 1097 409 1173 anteponi
422 1097 529 1155 minori.
571 1096 623 1165 Ut,
638 1098 662 1155 si
675 1098 854 1156 constitueris
876 1097 1000 1176 cuipiam
1019 1107 1048 1157 te
1069 1099 1273 1158 advocatumt}

300 1176 383 1245 inum
402 1195 573 1266 prasentem
596 1207 659 1246 esse
683 1196 846 1257 venturum,
868 1199 956 1266 atquc
981 1188 1093 1247 interim
1116 1191 1241 1270 graviter

298 1284 409 1351 egrotm
430 1278 505 1336 filius
526 1278 654 1357 coeperit,
669 1298 726 1360 non
747 1279 786 1337 sit
806 1280 1051 1347 contraofficium‚
1067 1280 1240 1348 nonfacere,

295 1366 352 1439 quod
371 1368 488 1438 dixeris;
509 1370 658 1448 magisque
678 1370 734 1437 ille,
756 1369 802 1427 cui
824 1370 995 1448 promissum
1020 1370 1065 1439 sit,
1087 1370 1125 1429 ab
1149 1370 1241 1430 officio

292 1452 405 1528 duent,
430 1460 455 1517 si
478 1479 509 1518 se
534 1460 704 1519 destitutum
730 1467 876 1538 queratur.
917 1462 985 1520 Jam
1011 1461 1066 1520 illis
1094 1461 1270 1539 promissis?

288 1549 404 1608 standum
424 1570 481 1609 non
501 1569 573 1618 esse,
588 1550 652 1627 quis
673 1570 731 1609 non
748 1551 834 1619 videt,
850 1570 915 1630 qum
935 1561 1052 1611 coactus
1072 1553 1135 1630 quis
1149 1561 1238 1621 metu,

283 1656 336 1714 quae
364 1641 502 1719 deceptus
529 1641 596 1699 dolo
623 1641 804 1719 promiserit?
859 1643 931 1711 Quor
958 1644 1075 1721 quidem
1103 1644 1239 1722 ploraque

276 1728 332 1807 jure
345 1732 476 1809 praetorio
490 1731 652 1800 liberantur,
667 1733 803 1790 nonnulla
817 1732 940 1811 legibus.

309 1820 440 1880 Existunt
460 1822 547 1879 etiam
569 1842 648 1900 saepe
668 1822 777 1901 injuriae
799 1823 942 1886 calumnia
961 1822 1086 1899 quadum
1107 1831 1137 1881 et
1156 1822 1238 1880 nimis
1254 1830 1271 1881 8

272 1911 371 1970 callida
391 1911 443 1970 sed
463 1912 604 1971 malitiosa
630 1914 703 1990 juris
732 1912 973 1991 interpretatione.
1015 1913 1059 1970 Ex
1079 1932 1137 1990 quo
1157 1912 1236 1980 illud,

268 2022 411 2061 rammam
416 2003 478 2078 jur,
492 2023 603 2061 ramma
616 2005 732 2078 injuria,
747 2005 857 2062 factum
871 2003 988 2080 estjam
1002 2003 1101 2062 tritum
1112 2023 1239 2062 sermono

266 2094 460 2172 proverbium.
502 2095 566 2164 Quo
586 2095 615 2152 in
629 2113 733 2174 genere
747 2094 832 2152 etiam
844 2094 873 2153 in
889 2114 920 2153 re
935 2094 1049 2172 publica
1062 2096 1154 2153 multa
1168 2114 1233 2173 pcc·
1250 2102 1267 2153 9

266 2189 383 2243 cantur:
403 2191 438 2242 ut
458 2184 514 2254 ille,
528 2185 585 2262 qui,
601 2205 667 2244 cum
691 2185 806 2262 triginta
824 2185 936 2244 dierum
953 2193 1048 2244 essent
1068 2204 1134 2243 cum
1153 2186 1237 2244 hoste

263 2276 384 2335 indutiae
399 2276 496 2343 factae,
506 2283 595 2334 noctu
609 2276 802 2354 populabatur
822 2295 915 2355 agros,
926 2276 1004 2354 quod
1019 2276 1129 2334 dierum
1142 2284 1239 2335 essent

263 2373 372 2445 pactae,
387 2385 445 2426 non
458 2366 584 2425 noctium
597 2366 725 2426 indutiae.
761 2366 806 2425 Ne
821 2373 918 2425 noster
931 2367 1046 2445 quidem
1060 2367 1234 2446 probandus,
1256 2373 1292 2427 10

263 2459 287 2516 si
301 2477 404 2516 verum
425 2463 477 2525 est,
493 2458 527 2526 Q.
549 2457 671 2517 Fabium
690 2457 854 2516 Labeonem
874 2477 926 2516 seu
946 2477 1032 2536 quem
1052 2459 1140 2516 alium
1154 2459 1235 2536 (nihil

263 2548 339 2607 enim
354 2548 449 2605 habeo
471 2555 578 2626 praeter
591 2547 734 2627 auditum)
749 2548 887 2606 arbitrum
901 2548 1022 2609 Nolanis
1032 2556 1062 2607 et
1075 2549 1239 2627 Neapolita·

262 2640 307 2698 nis
321 2638 360 2697 de
381 2637 484 2697 finibus
498 2657 516 2695 a
529 2646 630 2697 senatu
651 2639 762 2707 datum,
777 2658 843 2696 cum
862 2639 900 2697 ad
914 2639 1009 2698 locum
1029 2639 1159 2707 venisset,
1175 2658 1241 2697 cum

262 2730 395 2805 utrisque
409 2729 561 2806 separatim
580 2729 719 2797 locutum,
733 2749 769 2789 ne
785 2729 889 2807 cupide
909 2728 978 2808 quid
997 2739 1124 2809 agerent,
1138 2749 1175 2787 nc
1189 2749 1240 2807 ap-

262 2826 415 2899 petenter;
436 2825 524 2896 atque
537 2826 571 2877 ut
584 2820 706 2898 regredi,
718 2839 805 2898 quam
817 2820 951 2899 progredi
962 2820 1087 2878 mallent.
1123 2818 1160 2877 Id
1175 2838 1238 2877 cum
1256 2823 1286 2876 1]

262 2910 380 2988 utrique
412 2909 554 2978 fecissent,
575 2910 753 2988 aliquantum
780 2911 842 2989 agri
869 2911 898 2968 in
918 2910 1014 2968 medio
1034 2910 1165 2967 relictum
1185 2916 1237 2967 est.

264 3003 371 3077 Itaque
390 2999 503 3058 illorum
533 3001 603 3059 fines
630 3001 679 3069 sic,
700 3008 734 3059 ut
756 3001 812 3079 ipsi
843 3000 981 3067 dixerant,
1002 2998 1180 3066 terminavit;
1211 2998 1239 3056 in

264 3091 363 3150 medio
390 3090 521 3149 relictum
549 3091 628 3168 quod
658 3099 728 3160 erat,
753 3091 863 3170 populo
894 3089 1024 3147 Romano
1055 3087 1239 3166 adjudicavit.

264 3182 410 3259 Decipere
429 3183 485 3240 hoc
505 3181 621 3259 quidem
642 3188 694 3250 est,
709 3201 766 3240 non
784 3179 921 3260 judicare.
964 3179 1103 3249 Quocirca
1122 3178 1240 3239 inomni

263 3291 297 3332 re
310 3271 451 3350 fugienda
464 3280 508 3330 est
521 3272 586 3330 talis
600 3272 733 3357 spllgrtia.

306 3452 361 3510 XI.
384 3451 459 3511 Sunt
478 3459 575 3511 autem
593 3452 730 3531 quaedam
746 3453 837 3512 officia
857 3454 942 3512 etiam
965 3453 1156 3512 adversus
1176 3474 1242 3512 eos

265 3542 1058 3623 servandaequibusinjuriamacceperis.
1099 3545 1240 3603 Estcnim
1288 3537 1290 3541 ’

264 3633 425 3692 ulciscendi
445 3641 474 3692 et
495 3634 630 3712 puniendi
650 3635 762 3692 modus.
819 3635 917 3713 Atque
938 3636 1016 3693 haud
1037 3635 1095 3693 scio
1116 3654 1153 3692 an
1173 3636 1242 3694 satis

264 3725 313 3795 sit,
338 3743 415 3793 eum,
436 3725 485 3802 qui
505 3724 667 3792 lacessierit,
688 3725 796 3802 injuriae
818 3745 878 3783 suoe
898 3726 1036 3804 poenitere
1047 3746 1054 3794 ;
1075 3733 1108 3783 ut
1129 3726 1239 3804 etipse

263 3835 303 3877 ue
325 3815 398 3892 quid
417 3816 474 3874 tale
496 3815 626 3893 posthac,
648 3823 677 3873 et
697 3816 784 3874 ceteri
804 3816 860 3874 sint
880 3817 918 3875 ad
938 3817 1071 3895 injuriam
1091 3816 1239 3875 tardiores

263 3907 371 3983 Atque
391 3904 471 3964 inre
491 3905 606 3984 publica
627 3906 750 3964 maxime
771 3907 964 3965 conservanda
985 3915 1052 3965 sunt
1078 3908 1144 3985 jura
1164 3906 1273 3964 bellic

264 3997 348 4057 Nam
370 4014 437 4054 curn
456 3997 513 4054 sint
533 3995 591 4054 duo
611 4014 717 4074 genera
737 3995 912 4065 decertandi,
927 4017 1016 4055 unum
1037 4016 1089 4074 per
1103 3995 1242 4073 discepto·
