3259 4775
304 407 342 460 Sd
719 418 757 457 aa
778 418 906 459 orrrcrrs

322 557 339 608 2
354 549 600 629 perturbationum
613 549 706 617 animi,
722 557 751 607 et
765 569 862 607 rerum
882 548 985 607 modus
1005 549 1139 609 cernitur.
1179 549 1242 609 Hoc
1256 545 1316 607 100⁰

354 642 517 700 continetur
531 640 569 709 id,
584 640 662 718 quod
676 640 732 698 dici
752 640 853 698 Latine
874 639 1060 699 decorum
1080 647 1195 718 potest:
1212 640 1317 699 ureae-

353 733 427 789 enim
449 736 545 813 agerer
569 731 679 789 dicitur.
722 731 818 808 Hujus
832 731 874 789 vis
895 749 929 788 ea
949 738 1001 799 est,
1016 738 1051 789 ut
1071 733 1107 790 ab
1126 732 1243 790 honesto
1259 741 1308 786 non

352 831 440 900 queat
453 822 586 901 separari.
621 822 698 879 Nam
712 829 742 879 et
755 821 833 899 quod
847 821 940 889 decet,
954 822 1108 880 honestum
1123 828 1183 889 est;
1201 828 1230 879 et
1241 809 1307 899 quod

320 914 504 972 thonestum
525 919 578 980 est,
599 912 690 970 decet.
732 912 831 981 Qualis
853 919 951 970 autem
971 911 1131 971 differentia
1151 913 1188 971 sit
1210 901 1307 970 horati
1328 907 1350 974 ,'

352 1012 382 1062 et
395 1004 499 1073 decori,
514 1003 622 1062 facilius
636 1002 761 1081 intelligi,
776 1021 863 1080 quam
878 1003 1022 1081 explanari
1035 1010 1139 1081 potest.
1167 992 1309 1080 ·Quicqnid

353 1104 397 1153 cst
417 1096 500 1164 enim,
517 1094 596 1173 quod
617 1093 727 1161 deceat,
741 1092 771 1151 id
785 1100 848 1150 tum
868 1100 998 1170 apparet,
1014 1114 1079 1152 cum
1100 1091 1309 1172 antegressaeat

320 1191 337 1242 4
352 1186 494 1244 honestas.
536 1186 639 1261 Itaque
653 1203 710 1240 non
723 1184 817 1241 solum
830 1184 860 1241 in
872 1184 927 1241 hac
942 1190 1023 1261 parte
1039 1184 1204 1252 honestatis,
1215 1183 1249 1241 de
1259 1197 1312 1259 qus

351 1277 406 1334 hoc
426 1277 490 1333 loco
510 1274 706 1332 disserendum
727 1280 780 1341 est,
796 1273 848 1331 sed
868 1273 954 1331 etiam
968 1273 997 1331 in
1010 1274 1102 1333 tribus
1121 1273 1310 1353 superioribus.

320 1366 420 1444 equid
441 1366 552 1433 deceat,
574 1371 703 1443 apparet.
745 1365 824 1422 Nam
844 1370 874 1423 et
894 1364 1002 1423 ratione
1023 1365 1065 1423 uti
1087 1373 1175 1444 atque
1197 1364 1310 1424 oratione

352 1456 515 1535 prudenter,
531 1463 561 1513 et
573 1473 667 1534 agere,
683 1455 762 1533 quod
784 1474 864 1533 agas,
880 1455 1066 1525 considerate,
1081 1456 1214 1533 omniqua
1232 1456 1259 1514 in
1275 1469 1308 1520 rt,

352 1547 420 1625 quid
438 1547 475 1604 sit
489 1546 556 1614 veri,
571 1546 668 1604 videre
688 1553 718 1603 et
737 1546 811 1604 tueri
832 1545 932 1604 decet:
955 1554 1112 1624 contraque
1129 1545 1198 1615 falli,
1219 1560 1312 1610 errare,

352 1638 417 1707 labi,
427 1638 520 1716 decipi
533 1645 593 1695 tam
607 1636 738 1704 dedecet,
748 1655 835 1713 quam
845 1636 965 1695 delirare
975 1642 1005 1694 et
1015 1643 1108 1695 mente
1121 1656 1185 1695 esse
1196 1643 1368 1715 captum.-

320 1729 390 1787 aEt
411 1730 491 1807 justa
511 1729 604 1786 omnia
626 1728 730 1786 decora
750 1734 833 1794 sunt;
854 1727 961 1804 injusta
980 1734 1087 1794 contra,
1110 1735 1144 1785 ut
1163 1728 1266 1806 turpia,
1279 1724 1312 1783 sia

352 1820 492 1877 indecora.
534 1818 638 1876 Similis
652 1824 696 1874 est
709 1818 780 1874 ratio
799 1817 980 1875 fortitudinis.
1023 1817 1107 1886 Quod
1121 1818 1195 1876 enim
1209 1817 1313 1876 viriliter

352 1910 502 1986 animoque
522 1926 627 1985 magno
648 1907 687 1973 fit,
709 1907 739 1963 id
760 1907 880 1985 dignum
899 1908 960 1964 viro
982 1914 1012 1965 et
1034 1907 1171 1966 decorum
1192 1908 1314 1966 videtur:

321 1998 431 2075 'lquod
453 2005 559 2064 contra,
582 1996 611 2054 id
634 2003 667 2053 ut
687 2006 780 2075 turpe,
804 1998 844 2055 sic
866 1997 1040 2056 indecorum
1083 1999 1178 2069 Quare
1200 1998 1316 2076 pertinet

353 2088 468 2165 quidem
481 2087 519 2144 ad
533 2105 646 2144 omnem
660 2088 840 2145 honestatem
858 2088 923 2155 hoc,
939 2088 1017 2165 quod
1032 2089 1103 2157 dico,
1119 2088 1272 2147 decorum:
1291 2093 1318 2145 et

352 2180 392 2236 ita
406 2179 536 2255 pertinet,
551 2185 654 2235 utnon
674 2178 822 2236 recondita
843 2177 969 2255 quadam
988 2179 1096 2237 ratione
1116 2186 1256 2248 cernatur,
1271 2157 1367 2237 aeds

322 2269 391 2328 8sit
410 2269 439 2325 in
459 2275 603 2346 promptu.
645 2268 698 2326 Est
722 2269 796 2325 enim
821 2268 967 2345 quiddam,
992 2269 1080 2346 idque
1103 2269 1270 2348 intelligitur
1293 2268 1324 2328 in'

354 2359 429 2418 omni
442 2359 555 2427 virtute,
570 2358 648 2438 quod
662 2358 780 2417 deccat:
804 2358 882 2436 quod
896 2359 1068 2438 cogitatione
1082 2360 1173 2438 magis
1187 2379 1205 2418 a
1218 2360 1320 2420 virtute

322 2458 339 2509 9
355 2457 450 2529 potest
463 2469 550 2527 quam
563 2469 594 2507 re
608 2450 740 2527 separari.
783 2450 825 2507 Ut
840 2457 974 2508 venustas
985 2458 1015 2508 et
1028 2451 1211 2528 pulchritudo
1223 2470 1320 2529 corpo

353 2543 391 2599 ris
406 2540 512 2599 secerni
522 2559 579 2598 non
593 2547 689 2618 potest
702 2560 720 2597 a
733 2540 910 2598 valetudine:
927 2541 966 2597 aie
977 2540 1042 2607 hoc,
1055 2542 1091 2599 de
1101 2561 1159 2619 quo
1169 2542 1320 2620 loquimur,

354 2632 498 2699 decorum,
513 2638 606 2690 totum
626 2631 697 2689 illud
712 2631 827 2708 quidem
841 2637 885 2687 est
899 2650 965 2688 cum
978 2631 1083 2690 virtute
1098 2632 1256 2701 confusum,
1271 2632 1321 2691 sed

354 2731 449 2782 mente
463 2729 492 2782 et
506 2723 676 2803 cogitatione
691 2722 883 2800 distinguitur.

305 2912 340 2964 10
394 2907 447 2965 Est
474 2915 570 2965 autem
597 2907 655 2964 eius
684 2904 837 2982 descriptio
864 2902 979 2980 duplex.
1030 2892 1105 2960 Nam
1133 2911 1162 2960 et
1188 2904 1322 2982 generale

354 2997 500 3073 quoddam
515 2997 649 3054 decorum
663 2996 852 3072 intelligimus
867 2994 945 3071 quod
959 2994 988 3051 in
1002 2994 1077 3052 omui
1097 2994 1247 3052 honestate
1260 3014 1323 3053 ver·

355 3095 450 3144 satur:
472 3094 501 3143 et
521 3085 598 3142 aliud
620 3086 686 3142 huie
707 3085 877 3161 subjeetum,
893 3084 971 3161 quod
992 3084 1116 3162 pertinet
1134 3083 1172 3140 ad
1193 3084 1323 3162 singulas

307 3183 339 3233 ll
356 3183 452 3254 partes
462 3174 626 3232 honestatis
658 3176 757 3249 Atque
770 3173 842 3230 illud
857 3175 987 3250 superius
996 3175 1101 3232 sicfere
1116 3173 1224 3231 definiri
1234 3158 1367 3233 solets

356 3265 491 3323 decorum
511 3265 541 3323 id
561 3282 631 3331 esse,
647 3263 724 3340 quod
745 3271 966 3322 consentaneum
985 3265 1022 3322 sit
1043 3264 1162 3322 hominis
1183 3265 1324 3351 Q·

353 3356 421 3427 tj‘ae,
433 3355 462 3412 in
482 3374 525 3422 eo,
540 3355 569 3412 in
588 3373 646 3429 quo
666 3361 768 3410 natura
788 3354 851 3432 ejus
865 3373 882 3410 a
898 3355 1010 3431 reliquis
1031 3355 1219 3412 animantibus
1243 3355 1325 3414 diffe-

308 3452 341 3504 19
356 3452 409 3503 rat.
445 3446 517 3514 Quae
533 3451 629 3502 autem
644 3463 710 3520 pars
724 3445 855 3523 subjecta
868 3445 967 3523 generi
979 3453 1032 3513 est,
1044 3465 1107 3503 eam
1121 3445 1161 3502 sic
1175 3444 1324 3525 definiunt,

356 3543 390 3594 ut
409 3537 438 3594 id
459 3537 595 3593 decorum
616 3535 703 3593 velint
723 3554 794 3604 esse,
809 3536 888 3612 quod
909 3535 948 3592 ita
969 3543 1080 3592 naturae
1102 3541 1327 3595 consentaneum

318 3696 331 3707 ..
357 3627 401 3695 sit,
417 3635 450 3685 ut
463 3627 491 3684 in
505 3645 539 3684 eo
552 3625 709 3683 moderatio
728 3633 757 3683 et
777 3625 965 3702 temperantia
985 3633 1123 3703 appareat
1143 3644 1209 3683 cum
1229 3616 1327 3703 specie

357 3718 482 3797 quadam
501 3716 617 3775 liberali.
658 3715 800 3773 XXVIII.
823 3715 896 3773 Haec
917 3716 957 3773 ita
976 3715 1094 3795 intelligi
1108 3735 1262 3794 possumus
1277 3734 1327 3773 ex-

357 3809 481 3868 istimare
496 3827 531 3867 ex
544 3825 579 3866 eo
593 3806 707 3872 decoro,
722 3805 800 3882 quod
822 3812 915 3882 poetae
936 3813 1112 3882 sequuntur:
1134 3805 1171 3863 de
1191 3824 1250 3883 quo
1270 3806 1327 3866 alio
