3259 4775
665 621 750 661 umas
764 623 795 661 11.
838 622 905 662 cna.
919 621 948 662 v.
1279 604 1312 661 (ll

303 760 324 811 et
345 751 398 831 qui
415 752 555 831 principes
573 751 732 810 inveniendi
751 752 875 819 fuerunt,
891 770 976 829 qucm
997 769 1034 809 ex
1052 769 1164 830 quaque
1179 749 1264 809 belua

308 862 388 901 nsum
398 842 500 902 habere
514 862 672 921 possemus,
683 843 810 901 homines
822 849 898 900 certo
911 842 1041 899 fuerunt:
1057 860 1109 899 nec
1122 842 1177 899 hoc
1191 848 1263 899 tem·

312 950 376 1010 pore
393 932 445 992 sine
464 934 611 991 hominum
631 928 719 1010 opera
732 940 783 990 aut
803 951 921 1011 pascere
939 951 996 1000 eas,
1011 940 1062 989 aut
1075 932 1199 999 domare,
1214 938 1265 988 aut

317 1020 388 1090 tucri,
397 1031 440 1082 ant
449 1023 632 1102 tempestivos
646 1024 756 1081 fructus
768 1042 803 1080 ex
817 1022 861 1080 his
872 1041 973 1100 capere
985 1040 1149 1100 possemus:
1164 1022 1200 1080 ab
1212 1021 1264 1079 eis·

321 1109 423 1189 demque
441 1121 470 1172 et
489 1133 541 1182 eae,
556 1133 622 1191 quae
643 1120 755 1181 nocent,
770 1112 982 1180 interficiuntur,
998 1120 1027 1169 et
1041 1131 1106 1190 quae
1120 1111 1183 1169 usui
1198 1130 1262 1188 pos·

323 1207 379 1257 sunt
389 1221 448 1271 esse,
462 1204 620 1282 capiuntur.
663 1204 738 1273 Quid
753 1221 915 1261 enumerem
929 1203 1033 1260 artium
1045 1201 1263 1269 multitudinem,
1279 1208 1296 1259 6

272 1359 275 1366 Ι
326 1287 375 1347 siue
383 1294 472 1369 quibus
491 1295 550 1352 vita
570 1294 683 1352 omnino
706 1293 786 1351 nulla
806 1312 869 1351 esse
889 1292 1053 1371 potuisset?
1095 1292 1170 1361 Quid
1191 1292 1265 1349 enim

327 1380 392 1456 egris
408 1384 573 1452 subveniret,
588 1404 653 1462 quae
674 1391 750 1442 esset
768 1384 920 1441 oblectatio
934 1383 1096 1450 valentium,
1112 1382 1161 1460 qui
1174 1382 1265 1439 rictus

327 1474 368 1525 aut
382 1473 468 1543 cultus,
483 1474 536 1532 nisi
555 1482 617 1533 tam
635 1474 736 1533 multae
757 1474 838 1532 nobis
856 1481 932 1532 artes
951 1474 1147 1542 ministrarent,
1162 1474 1265 1550 quibus

272 1601 275 1610 .
326 1558 393 1617 rebus
404 1566 509 1623 exculta
521 1564 669 1623 hominum
679 1564 737 1621 vita
751 1571 863 1622 tantum
874 1564 960 1623 distat
970 1584 988 1621 a
997 1565 1075 1623 victu
1085 1573 1115 1623 et
1125 1565 1205 1623 cultu
1214 1565 1263 1623 be·

272 1665 274 1672 '
327 1646 439 1712 tibrum?
476 1656 572 1714 Urbes
585 1674 653 1714 vero
675 1656 735 1714 sine
757 1655 905 1713 hominum
927 1662 1006 1713 coetu
1027 1675 1083 1713 non
1106 1654 1297 1732 potuissent?

327 1754 368 1794 nec
383 1743 511 1813 edificari,
526 1764 579 1803 nec
599 1745 789 1824 frequentari:
811 1764 847 1802 ex
860 1764 918 1822 quo
936 1744 1015 1823 leges
1035 1764 1184 1821 moresque
1198 1764 1264 1802 con·

272 1905 276 1912 1
330 1826 403 1900 stituti,
415 1841 471 1893 tum
483 1835 556 1914 juris
570 1855 652 1913 aequa
666 1835 818 1914 descriptio
832 1843 967 1912 certaque
980 1835 1092 1892 vivendi
1106 1834 1262 1911 disciplina.

328 1916 387 1984 Qut-t
400 1943 439 1984 res
455 1933 485 1984 et
505 1926 694 1984 mansuetudo
714 1926 872 1983 animorum
889 1932 1040 1983 consecuta
1054 1932 1084 1982 ct
1096 1924 1265 1982 verecundia
1281 1931 1297 1983 8

328 2014 375 2066 est:
391 2015 578 2094 effectumque,
593 2023 626 2075 ut
647 2023 722 2074 esset
742 2017 800 2073 vita
820 2015 962 2083 munitior,
977 2022 1063 2093 atque
1081 2023 1114 2073 ut
1128 2015 1222 2072 dando
1236 2021 1266 2072 et

327 2099 460 2178 accipiendo
471 2106 673 2184 mutandisque
683 2106 867 2165 facultatibus
878 2114 907 2164 et
918 2106 1130 2164 commodandis
1144 2105 1221 2163 nulla
1234 2124 1265 2162 re

328 2203 453 2265 egeremus.

356 2368 384 2431 V.
400 2376 550 2457 Longiores
570 2378 625 2437 hoc
645 2378 709 2436 loco
730 2398 837 2446 sumus,
859 2398 945 2456 quam
965 2397 1081 2436 necesse
1101 2383 1152 2436 est.
1195 2376 1264 2447 Quis

325 2464 360 2523 lsi
374 2468 444 2537 enim,
459 2469 505 2527 cui
523 2488 581 2527 nou
601 2469 752 2546 perspicua
772 2469 827 2527 sint
846 2469 902 2537 illa,
917 2489 983 2546 quae
998 2469 1127 2547 pluribus
1141 2469 1233 2526 verbis
1248 2486 1265 2524 a

326 2542 425 2616 Panaetio
444 2565 709 2626 commemorantur,
725 2559 866 2617 neminem
885 2578 977 2637 neque
998 2559 1101 2617 ducem
1121 2559 1189 2618 belli
1212 2578 1264 2618 nec

326 2638 453 2726 principem
468 2649 546 2707 domi
565 2667 684 2727 magnas
705 2668 750 2706 rcs
772 2657 802 2707 et
820 2651 957 2707 salutares
972 2650 1031 2707 sine
1044 2649 1190 2707 hominum
1205 2656 1263 2707 stu-

326 2723 365 2788 diis
379 2756 468 2814 gerere
489 2739 638 2817 potuisse?
681 2739 928 2798 Commemoratur
946 2742 983 2798 ab
1001 2759 1035 2797 eo
1052 2739 1296 2807 Themistoclem

326 2810 430 2898 Pericles,
442 2831 546 2908 Cyrus,
560 2829 723 2907 Agesilaus,
735 2829 910 2898 Alexander,
923 2850 994 2908 quos
1008 2821 1095 2909 negat
1109 2830 1168 2887 sine
1183 2828 1264 2905 adju-

323 2917 402 2975 m(attis
421 2920 568 2978 hominum
590 2927 684 2977 tantas
704 2939 750 2977 res
772 2921 883 2978 efficere
903 2920 1039 2998 potuisse.
1080 2920 1180 2976 Utitur
1192 2918 1220 2974 iu
1233 2937 1264 2975 rc

323 3005 367 3059 ¹101'1
377 3006 455 3068 dubia
468 3009 589 3068 testibus
603 3028 660 3066 non
672 3011 845 3067 necessariis,

353 3092 436 3177 Atque
455 3107 490 3158 ut
509 3118 628 3178 magnas
648 3100 783 3157 utilitates
799 3098 979 3176 adipiscimur
993 3097 1199 3174 conspiratione
1213 3098 1263 3155 ho·
1279 3105 1296 3155 3

321 3176 408 3246 minum
420 3198 506 3268 atque
518 3209 673 3248 consensu:
696 3190 735 3248 sic
750 3190 828 3247 nulla
842 3196 902 3246 tam
916 3188 1090 3247 detestabilis
1109 3188 1196 3265 pestis
1211 3195 1262 3256 est,

321 3278 373 3340 ‘1¹¹ae
391 3299 443 3339 non
461 3279 568 3339 homini
581 3281 617 3338 ab
631 3281 744 3337 homine
758 3288 899 3338 nascatur.
941 3279 994 3337 Est
1014 3278 1174 3338 Dicaearchi
1193 3278 1264 3337 liber
1279 3285 1296 3337 4

319 3348 349 3412 (Ῐθ
360 3362 463 3428 interitu
476 3371 633 3438 hominum,
648 3371 830 3448 Peripatetici
843 3370 939 3449 magni
952 3377 982 3428 et
995 3370 1119 3448 copiosi:
1143 3370 1192 3446 qui
1206 3370 1262 3428 col-

317 3435 383 3513 lectis
401 3461 499 3520 ceteris
522 3461 623 3528 causis
646 3460 790 3529 eluvioniS,
812 3462 989 3539 pestilentiae,
1004 3461 1151 3528 vastitatis,
1167 3460 1264 3518 belua·

314 3545 454 3609 mucclam
465 3550 621 3629 repentinae
632 3551 828 3619 multitudinis,
837 3571 957 3628 quarum
970 3552 1079 3629 impetu
1090 3552 1174 3612 docet
1184 3572 1263 3629 quae·

312 3615 372 3691 dam
390 3642 535 3700 hominum
555 3660 661 3719 genera
682 3660 744 3698 esse
768 3649 954 3718 consumpta;
982 3641 1084 3699 deinde
1108 3649 1263 3719 comparat,

308 3722 407 3790 quanto
428 3732 524 3811 plures
544 3731 630 3789 deleti
651 3731 707 3788 sint
726 3731 855 3789 homines
869 3732 1015 3789 hominum
1028 3733 1146 3809 impetu,
1161 3732 1191 3789 id
1211 3738 1263 3800 est,

306 3790 382 3876 being
395 3830 445 3881 aut
459 3822 650 3888 seditionibus
666 3841 752 3899 quam
766 3823 841 3880 omni
855 3822 962 3899 reliqua
976 3823 1143 3880 calamitate.

340 3977 416 4051 Ouin
437 3992 525 4072 igitur
545 3991 591 4050 hic
613 3991 693 4049 locus
713 3991 782 4050 nihil
803 3993 909 4050 habeat
922 3991 1113 4058 dubitationis,
1128 3989 1196 4067 quin
1213 3989 1294 4048 hod
