3259 4775
672 604 757 644 mana
770 605 801 644 11.
843 606 909 645 car.
925 606 967 644 111.
1288 593 1325 646 tt

287 729 377 799 quid
393 742 535 810 sequatur.
577 734 649 803 Quas
662 732 736 792 enim
750 743 826 793 esset
843 735 897 792 ista
910 755 998 803 mens,
1014 736 1058 794 vel
1072 755 1137 814 quoe
1151 736 1208 794 uita
1222 755 1272 814 po·
1288 743 1323 795 12

299 813 376 889 tius,
387 841 443 879 non
452 822 539 881 modo
549 822 721 901 disputandi,
732 824 879 882 sedetiam
890 825 1001 883 vivendi
1015 827 1121 883 ratione
1135 826 1271 884 sublata?

310 901 378 966 Nos
396 919 497 980 autem,
511 919 545 969 ut
565 913 651 971 ceteri
671 913 726 972 alia
746 921 832 981 certa,
847 915 901 972 alia
916 916 1021 973 incerta
1034 934 1096 974 esso
1111 916 1216 983 dicunt,
1232 917 1271 974 sic
1287 922 1323 975 1³

320 995 403 1058 abhis
412 1001 614 1070 dissentientes,
625 1002 679 1060 alia
690 1004 856 1081 probabilia,
868 1012 966 1062 contra
976 1006 1031 1063 alia
1040 1005 1168 1064 dicimus.
1197 1006 1272 1076 Quid
1288 1012 1323 1064 14

328 1093 367 1143 131
376 1088 460 1169 igitur,
471 1092 550 1169 quod
563 1111 610 1150 me
624 1092 768 1170 impediat,
780 1113 815 1151 ea
829 1113 894 1171 quae
908 1096 1063 1171 probabilia
1076 1096 1145 1153 mihi
1158 1096 1271 1154 videan-

285 1247 288 1270 Ι
333 1179 378 1244 lar,
388 1181 481 1258 sequi?
501 1200 568 1258 quur
588 1189 695 1249 contra,
710 1183 871 1261 improbare
882 1203 889 1251 ;
911 1192 996 1261 atquc
1018 1184 1174 1243 affirmandi
1195 1204 1271 1244 arro·

285 1277 288 1288 “
338 1268 436 1340 autam
446 1271 591 1338 vitantem,
606 1271 706 1349 fugere
719 1273 917 1341 temeritatem,
932 1293 998 1351 quae
1011 1293 1028 1330 a
1041 1274 1179 1352 sapientia
1192 1275 1271 1333 dissi·

340 1353 376 1412 det
390 1358 556 1435 plurimum?
598 1361 705 1419 Oontra
725 1370 823 1420 autem
842 1365 936 1421 omnia
950 1365 1112 1442 disputatur
1129 1366 1270 1434 anostris,
1288 1373 1323 1426 la

340 1447 396 1519 quod
406 1449 454 1508 hoc
466 1450 560 1528 ipsum
573 1451 720 1528 probabile
733 1451 845 1510 elucere
857 1473 914 1511 non
927 1456 1025 1532 possit,
1037 1454 1088 1512 nisi
1102 1474 1137 1512 cx
1151 1462 1271 1532 utraque

340 1542 399 1608 pute
414 1558 555 1598 causarum
575 1548 651 1599 esset
670 1541 747 1599 facte
766 1543 915 1601 contentio.
957 1545 1015 1603 Sed
1038 1544 1101 1603 haec
1121 1546 1272 1623 explanata
1288 1551 1323 1603 16

340 1627 420 1686 suntin
430 1629 608 1688 Academicis
621 1632 724 1689 nostris
737 1632 814 1700 satis,
829 1640 862 1690 ut
875 1634 1004 1702 arbitror,
1019 1634 1174 1713 diligenter.
1210 1636 1272 1694 Tibi
1287 1637 1322 1694 l'l

339 1719 417 1785 auum,
429 1719 466 1778 mi
479 1720 589 1787 Cicero,
604 1739 777 1799 quamquam
790 1722 819 1779 in
832 1724 1027 1800 antiquissima
1044 1725 1272 1802 nobilissimaque

339 1801 496 1887 philosophia,
522 1810 661 1888 Cratippo
688 1818 813 1879 auctore,
839 1813 967 1880 versaris,
992 1813 1024 1869 iis
1052 1813 1200 1881 simillimo,
1224 1815 1272 1892 qui

338 1887 377 1949 5⁸¹⁸
386 1900 513 1973 preclara
527 1907 717 1977 pepererant;
732 1908 827 1960 tamem
840 1903 905 1959 haec
915 1909 1021 1969 nostra,
1032 1902 1149 1959 finitima
1162 1904 1270 1970 vostris,

338 1976 411 2056 hacta
421 2007 480 2048 esse
492 1989 579 2048 nolui.
621 1989 680 2048 Sed
691 1990 752 2068 jam
766 1992 804 2049 ad
819 1991 948 2050 instituta
961 2011 1123 2070 pergamus,

364 2161 409 2226 111.
421 2170 550 2247 Quinque
560 2170 647 2249 igitur
657 2170 811 2229 rationibus
822 2173 973 2250 propositis
984 2173 1066 2230 officii
1076 2174 1271 2251 persequendi,

336 2260 499 2323 auruncus
507 2260 881 2338 addecushonestatemque
889 2263 1070 2340 pertinerent,
1078 2264 1271 2323 duaeadcom·

336 2342 400 2404 auda
410 2350 479 2419 ritae,
496 2350 601 2429 copias,
617 2368 696 2429 opes,
710 2351 872 2420 facultates,
887 2353 985 2431 quinta
999 2353 1036 2411 ad
1055 2353 1178 2432 eligendi
1195 2354 1270 2433 judi-

336 2427 398 2506 tium,
415 2441 436 2499 si
454 2441 570 2519 quando
590 2460 632 2510 ea,
647 2460 713 2519 quae
731 2442 797 2509 dixi,
812 2462 943 2521 pugnare
962 2444 1035 2501 inter
1048 2462 1079 2501 se
1093 2444 1270 2502 viderentur:

336 2515 462 2590 lacuatis
476 2550 544 2610 pars
554 2531 684 2590 confecta
694 2538 746 2599 est,
758 2551 845 2609 quam
856 2533 970 2610 quidem
984 2534 1036 2593 tibi
1049 2534 1134 2612 cupio
1147 2553 1209 2592 esse
1223 2552 1271 2592 no-

336 2605 452 2680 llssimanr.
493 2621 558 2679 Hoc
579 2627 684 2689 autem,
700 2621 808 2698 dequo
827 2642 901 2680 nunc
921 2624 1040 2702 agimus,
1055 2623 1085 2682 id
1105 2624 1199 2701 ipsum
1218 2631 1303 2691 estt

335 2705 394 2772 ll⁰<l
410 2710 493 2769 utile
514 2711 683 2789 appellatur.
725 2711 760 2768 Iu
780 2731 838 2788 quo
858 2713 940 2791 lapse.
962 2714 1137 2772 consuetudo
1157 2714 1303 2773 deflexitt

336 2784 419 2866 devia,
435 2801 594 2878 sensimque
614 2820 649 2860 eo
668 2801 794 2863 deducta
815 2810 867 2870 ast,
889 2810 921 2860 ut
941 2805 1119 2862 honestatem
1139 2806 1176 2862 ab
1197 2804 1270 2861 utili-

336 2880 380 2939 lllt
391 2905 529 2949 aecumens
542 2891 735 2959 constitueret,
747 2910 809 2950 esse
822 2893 975 2951 honustum
987 2893 1101 2970 aliquid,
1113 2893 1190 2970 quod
1204 2893 1272 2950 utile

336 2980 378 3028 l⁰1¹
388 2987 461 3049 esset,
475 2988 505 3039 ct
525 2981 602 3047 utile,
617 2980 696 3058 quod
709 3001 766 3040 non
784 2983 952 3040 honestum:
974 3001 1031 3059 qua
1044 2981 1122 3038 nulla
1136 2981 1272 3058 pumicies

287 3082 289 3135 ζ
336 3061 558 3137 majorhominum
571 3071 638 3129 vitae
651 3072 745 3150 potuit
758 3073 859 3130 afferri.
895 3072 1013 3129 Summa
1024 3069 1138 3147 quidem
1151 3071 1304 3129 auctori-4

287 3144 290 3241 l
337 3148 383 3208 aa
399 3159 563 3239 philosophi,
578 3180 675 3219 severe
695 3181 763 3220 sano
782 3170 868 3240 atque
882 3163 1010 3228 honeste,
1025 3160 1087 3217 hoec
1101 3160 1155 3218 tria
1168 3179 1272 3238 genera

287 3306 289 3323 ,
336 3242 435 3330 Quae,
449 3251 620 3330 cogitatione
634 3251 820 3331 distinguunt.
862 3251 1003 3329 Quicquid
1017 3251 1090 3310 enim
1102 3250 1212 3329 justum
1225 3250 1269 3319 sit,
1286 3260 1303 3310 5

287 3344 289 3385 ἶ
335 3321 434 3399 domm
442 3342 511 3400 utile
521 3360 584 3400 esse
594 3349 724 3400 censent:
746 3343 869 3420 itemque
879 3342 957 3419 quod
967 3343 1126 3409 honestum,
1137 3340 1212 3399 idem
1224 3340 1270 3419 ju-

335 3417 400 3483 lum·
435 3431 480 3488 Ex
492 3450 551 3509 quo
565 3431 692 3500 efficitur,
707 3439 748 3500 ut,
764 3433 898 3510 quicquid
918 3433 1069 3490 honestum
1089 3431 1134 3499 sit,
1148 3430 1223 3490 idem
1236 3431 1273 3489 sit

334 3503 394 3570 uta,
428 3521 511 3591 Quod
524 3521 573 3598 qui
591 3539 693 3599 parum
707 3522 890 3600 perspiciunt,
905 3523 935 3580 hi
948 3541 1025 3599 saepe
1039 3529 1168 3580 versutos
1181 3521 1271 3580 homi·
1286 3526 1303 3578 6

332 3604 372 3652 ¹¹0⁸
390 3614 413 3666 et
435 3611 550 3670 callidos
573 3611 755 3679 admirantes,
780 3613 916 3670 malitiam
943 3612 1109 3689 sapientiam
1132 3611 1270 3689 judicant.

331 3677 437 3760 Quorum
450 3721 529 3760 error
542 3701 702 3779 eripiendus
717 3708 769 3769 est,
786 3702 937 3779 opinioque
958 3702 1047 3759 omnis
1061 3701 1099 3759 ad
1113 3720 1176 3758 eam
1190 3719 1270 3779 spem
1287 3700 1303 3757 '1

327 3772 492 3861 Quande,
507 3799 541 3850 ut
558 3792 685 3851 honestis
700 3792 821 3850 consiliis
839 3792 981 3871 justisque
994 3792 1085 3859 factis,
1100 3810 1156 3848 non
1171 3790 1272 3847 fraude

323 3863 347 3911 ‘l
357 3875 464 3951 malitia,
480 3901 512 3940 sc
524 3881 682 3960 intelligant
696 3900 738 3949 ea,
754 3901 820 3958 quae
833 3883 928 3950 velint,
944 3882 1078 3958 consequi
1092 3898 1184 3959 posse.

352 3952 423 4030 Quae
443 3991 513 4051 ergo
533 3972 570 4029 ad
590 3973 678 4029 vitam
702 3972 848 4029 hominum
872 3972 1008 4029 tuendam
1033 3970 1182 4047 pertinent,
1205 3972 1303 4044 par-8
