3259 4775
606 421 738 461 11111111.
780 422 945 462 11111111.
1253 402 1287 464 ’11

450 550 600 626 Bmefaoto
612 553 685 609 male
699 553 795 620 locato,
810 554 956 630 malefacto
969 554 1097 612 arbitror.

277 640 357 710 Quod
370 648 468 699 autem
481 641 622 700 tributum
635 648 680 699 est
701 643 851 700 benevim
874 652 904 702 11
924 652 1016 721 grato,
1030 644 1059 701 in
1073 663 1107 701 eo
1121 663 1188 703 cum
1202 663 1237 702 ex
1251 650 1269 701 4

273 730 333 810 ipso
346 732 458 789 fructus
473 740 525 799 est,
540 738 603 789 tum
618 732 702 789 etiam
717 751 753 789 ex
766 733 875 790 ceteris.
917 733 1086 791 Temeritate
1107 735 1180 792 enim
1194 753 1236 791 re·
1252 743 1269 794 5

271 830 358 891 mota,
372 822 535 900 gratissima
548 828 593 878 est
613 821 782 891 liberalitas;
805 842 896 900 eoque
910 842 973 881 eam
986 823 1140 882 studiosius
1154 822 1236 902 pleri-

271 930 327 989 que
340 910 470 979 laudant,
485 911 562 988 quod
577 911 680 969 summi
694 912 833 990 cujusque
854 913 964 971 bonitas
979 933 1127 972 commune
1142 915 1237 992 periu-

269 1001 351 1081 gium
365 1009 411 1059 est
424 1002 557 1059 omnium.
598 1001 703 1059 Danda
722 1002 810 1080 igitur
830 1022 918 1080 opera
937 1010 989 1071 est,
1005 1012 1038 1060 ut
1051 1004 1083 1061 iis
1097 1004 1238 1062 beneficiis
1253 1010 1270 1062 o

269 1110 358 1170 quam
379 1091 517 1168 plurimos
530 1091 695 1159 afficiamus,
710 1112 832 1169 quorum
846 1093 984 1151 memoria
996 1093 1090 1152 liberis
1104 1094 1237 1172 posteris·

270 1200 328 1260 que
348 1180 497 1260 prodatur,
512 1188 546 1240 ut
559 1181 592 1240 iis
605 1181 723 1260 ingratis
746 1201 809 1240 esse
831 1202 888 1240 non
907 1183 998 1243 111111.
1040 1184 1145 1241 Omnes
1166 1184 1269 1242 animi

268 1272 466 1330 immemorem
480 1271 606 1329 beneficii
616 1272 746 1340 oderunt,
755 1290 875 1350 eamque
889 1274 1020 1351 injuriam
1031 1274 1059 1332 in
1070 1273 1239 1332 deterrenda

269 1361 442 1421 liberalitate
466 1361 519 1418 sibi
542 1361 628 1419 etiam
650 1361 717 1430 fieri,
733 1381 864 1441 eumque,
880 1365 927 1441 qui
949 1365 1043 1433 iaciat,
1059 1384 1238 1423 communem

270 1451 387 1510 hostem
401 1451 562 1509 tenuiorum
582 1459 694 1529 putant.
735 1453 834 1530 Atque
849 1455 914 1512 haec
927 1456 1086 1533 benignitas
1100 1455 1185 1513 etiam
1199 1455 1239 1512 rei
1254 1460 1271 1512 8

270 1541 399 1621 publicae
414 1549 459 1599 est
472 1542 557 1609 utilis,
571 1542 672 1599 redimi
692 1562 708 1599 e
730 1544 865 1602 servitute
888 1552 996 1621 captos,
1012 1545 1178 1623 locupletari
1198 1553 1238 1601 te-

270 1631 404 1690 naiores:
426 1631 503 1710 quod
517 1632 633 1710 quidem
647 1633 734 1711 vulgo
756 1634 874 1691 solitum
899 1633 958 1691 fieri
972 1635 1008 1692 ab
1022 1635 1120 1693 ordine
1133 1641 1239 1701 nostro,

270 1722 300 1780 in
323 1722 453 1780 oratione
466 1722 564 1780 Orassi
586 1722 724 1801 scriptum
749 1724 862 1801 copiose
886 1723 1023 1783 videmus.
1064 1724 1147 1782 Hane
1171 1730 1272 1803 ergotl

271 1812 507 1871 consuetudinem
520 1813 702 1891 benignitatis
724 1814 865 1892 largitioni
886 1833 1036 1871 munerum
1058 1815 1142 1893 longe
1162 1821 1241 1871 ante·

218 1967 225 1980 ,
271 1922 358 1982 pono.
400 1902 475 1961 Haec
497 1909 542 1960 est
563 1903 692 1982 gravium
713 1904 859 1962 hominum
881 1912 968 1981 atque
988 1924 1173 1983 magnorum
1194 1905 1241 1962 illa

272 1994 355 2072 quasi
377 1999 586 2051 assentatorum
607 1994 715 2072 populi,
730 1995 916 2053 multitudinis
936 1995 1081 2053 levitatem
1094 1997 1241 2074 voluptate

272 2084 356 2163 quasi
368 2084 550 2142 titillantium.
572 2084 728 2143 Conveniet
741 2092 838 2142 autem
853 2105 918 2143 cum
931 2085 960 2143 in
970 2086 1065 2144 dando
1078 2086 1242 2144 munificum
1258 2092 1294 2143 10

272 2194 345 2242 esse,
361 2181 426 2233 tum
445 2174 474 2231 in
495 2174 635 2253 exigendo
656 2194 712 2232 non
726 2177 879 2243 acerbum;
899 2177 928 2234 in
942 2176 1073 2253 omnique
1087 2196 1118 2235 re
1132 2183 1242 2234 contra-

272 2264 378 2339 henda,
392 2264 551 2333 vendendo,
566 2265 695 2333 emendo,
708 2265 902 2335 conducendo,
915 2267 1044 2334 locando,
1054 2267 1243 2325 vicinitatibus

272 2363 302 2415 et
315 2354 443 2415 confiniis
458 2373 571 2432 aequum
585 2362 614 2414 et
633 2355 756 2425 facilem,
769 2357 862 2415 multa
881 2358 978 2416 multis
998 2357 1035 2416 de
1052 2357 1117 2437 jure
1131 2377 1183 2416 suo
1198 2376 1242 2416 ce·

272 2447 400 2513 dentem,
421 2464 439 2502 a
463 2446 560 2504 litibus
573 2465 650 2515 vero,
666 2455 805 2525 quantum
829 2448 920 2516 liceat,
936 2456 965 2506 et
985 2450 1078 2507 neseio
1100 2468 1136 2506 an
1157 2449 1243 2526 paulo

272 2536 341 2615 plus
354 2536 442 2594 ctiam
456 2554 542 2614 quam
555 2536 647 2605 liceat,
663 2539 872 2596 abhorrentem.
913 2538 966 2597 Est
987 2539 1061 2597 enim
1080 2559 1136 2596 non
1156 2537 1243 2596 modo
1260 2544 1292 2594 11

272 2626 401 2691 liberale,
416 2626 534 2703 paulum
554 2646 755 2705 nonnunquam
768 2627 805 2686 de
819 2648 871 2686 suo
889 2629 954 2707 jure
968 2629 1116 2697 decedere,
1131 2628 1182 2686 sed
1202 2628 1243 2684 in-

273 2717 390 2777 terdum
404 2716 490 2774 etiam
504 2716 692 2778 fructuosum.
733 2718 876 2776 Habenda
896 2726 992 2777 autem
1006 2718 1077 2777 ratio
1091 2724 1136 2776 est
1149 2717 1189 2774 rei
1202 2717 1243 2773 fa·
1261 2723 1295 2773 12

272 2806 398 2875 mitaris,
408 2824 494 2884 quam
504 2806 619 2884 quidem
631 2808 716 2867 dilabi
730 2809 830 2876 sinere,
841 2809 1013 2887 flagitiosum
1023 2815 1075 2874 est,
1087 2807 1138 2864 sed
1152 2806 1200 2874 ita,
1211 2814 1245 2864 ut

273 2897 471 2957 illiberalitatis
485 2897 664 2976 avaritiaeque
678 2898 752 2957 absit
766 2899 898 2976 suspicio,
932 2899 1022 2955 Posse
1036 2898 1110 2955 enim
1125 2897 1244 2955 liberali·
1260 2904 1296 2954 13

273 2995 336 3047 tate
349 2987 403 3055 uti,
418 3007 475 3045 non
489 2988 658 3065 spoliantem
672 3008 703 3047 se
717 2988 894 3067 patrimonio
909 2987 1040 3046 nimirum
1054 2994 1098 3045 est
1118 2987 1246 3066 pecuniae

275 3078 389 3136 fruetus
402 3078 551 3136 maximus.
583 3078 673 3136 Recte
684 3080 768 3137 etiam
779 3099 796 3136 a
806 3080 1004 3156 Theophrasto
1015 3086 1058 3137 est
1068 3078 1185 3136 laudata
1195 3078 1245 3135 ho·
1262 3082 1298 3134 14

274 3168 425 3248 spitalitas.
466 3168 520 3226 Est
529 3168 612 3238 enim,
622 3176 656 3227 ut
668 3169 737 3226 mihi
750 3170 865 3246 quidem
875 3170 996 3237 videtur,
1007 3170 1091 3227 valde
1102 3168 1246 3236 decorum,

275 3266 378 3338 patere
387 3258 490 3317 domus
497 3259 644 3317 hominum
652 3260 803 3318 illustrium
812 3260 969 3319 illustribus
978 3260 1149 3339 hospitibus:
1161 3259 1247 3337 idque

275 3350 364 3409 etiam
385 3348 427 3407 rei
448 3350 573 3426 publicae
595 3356 639 3407 est
663 3358 837 3418 omamento‚
852 3351 981 3409 homines
1001 3358 1132 3409 externos
1146 3350 1200 3408 hoc
1214 3351 1246 3408 li-

275 3440 435 3499 beralitatis
448 3459 552 3519 genere
562 3440 590 3498 in
601 3442 671 3498 urbe
684 3449 782 3498 nostra
791 3461 848 3498 non
859 3460 952 3519 egere.
993 3441 1046 3498 Est
1056 3448 1152 3499 autem
1163 3441 1248 3498 etiam
1263 3447 1298 3498 15

274 3531 464 3590 vehementer
476 3530 546 3589 utile
567 3531 608 3598 iis,
624 3531 673 3608 qui
693 3532 812 3589 honeste
833 3550 917 3609 posse
937 3531 1060 3588 multum
1073 3532 1181 3598 volunt,
1197 3550 1248 3607 per

274 3620 492 3699 hospitesapud
501 3629 632 3680 externos
641 3623 763 3699 populos
772 3622 866 3679 valere
875 3621 977 3699 opibus
986 3629 1015 3679 et
1023 3622 1123 3700 gratia.
1155 3622 1245 3678 Theo·
1262 3624 1298 3677 16

273 3712 415 3793 phrastus
429 3711 544 3788 quidem
558 3712 662 3779 scribit,
679 3713 826 3771 Cimonem
839 3712 962 3770 Athenis
977 3712 1062 3770 etiam
1076 3712 1104 3769 in
1118 3729 1185 3767 suos
1199 3728 1247 3766 cu·

259 3800 509 3862 mlssLaciadas
522 3801 692 3880 hospitalem
705 3803 800 3861 fuisse.
843 3803 889 3861 Ita
900 3802 974 3861 enim
983 3801 1145 3866 instituisse,
1157 3805 1188 3856 et
1197 3797 1248 3855 vil·
