3259 4775
343 578 381 632 28
757 588 945 650 nnlorrrens

360 725 379 778 4
432 720 469 778 Id
491 726 588 777 autem
607 719 702 797 ipsum
721 718 845 776 cernitur
858 718 887 775 in
901 716 1023 783 duobus,
1040 714 1063 773 si
1077 722 1108 773 et
1121 713 1215 773 solum
1227 712 1268 782 id,
1284 712 1365 792 qnod

392 809 543 866 honestum
558 809 601 876 sit,
617 810 723 867 bonum
734 808 854 886 judices,
866 814 895 865 et
909 807 945 865 ab
959 805 1035 863 omni
1048 804 1133 861 animi
1146 803 1365 881 perturbatione

359 907 377 958 5
391 899 462 957 liber
476 899 521 956 sis.
563 898 640 956 Nam
662 905 691 955 et
713 916 755 965 ea,
771 916 837 974 quae
851 896 952 954 eximia
973 895 1115 974 plerisque
1129 900 1159 951 et
1169 893 1311 971 praeelara
1323 892 1367 952 vi·

392 988 502 1057 dentur,
528 1007 616 1066 parva
640 989 752 1055 ducere,
774 1006 865 1065 eaque
889 987 996 1043 ratione
1021 985 1115 1042 stabili
1135 984 1274 1059 firmaque
1296 1002 1365 1041 eon·

392 1085 526 1147 temnere,
541 1079 622 1137 fortis
645 1078 731 1135 animi
751 1077 905 1155 magnique
925 1074 1090 1133 ducendum
1109 1081 1171 1133 est:
1192 1079 1223 1131 et
1236 1091 1281 1140 ea,
1296 1091 1365 1151 qum

393 1168 525 1227 videntur
546 1169 656 1237 acerba,
672 1187 738 1246 quae
757 1168 848 1224 multa
868 1173 898 1224 et
917 1165 996 1223 varia
1015 1165 1044 1222 in
1064 1164 1211 1223 hominum
1224 1162 1286 1220 vita
1305 1161 1366 1221 for·

393 1265 517 1336 tuncque
531 1265 687 1325 versantur,
702 1257 743 1314 ita
764 1257 847 1324 ferre,
862 1264 894 1313 ut
916 1255 985 1313 nihil
1008 1274 1025 1311 a
1047 1261 1127 1312 statu
1146 1258 1257 1310 naturae
1270 1252 1364 1311 disee·

393 1347 454 1416 das,
469 1348 538 1405 nihil
551 1367 569 1404 a
583 1348 722 1425 dignitate
736 1346 880 1423 sepientis,
894 1345 1005 1404 robusti
1023 1344 1108 1402 enimi
1127 1349 1171 1400 est
1190 1360 1366 1420 magnaeque

361 1437 567 1495 deonstantiae.
609 1437 676 1495 Non
698 1442 742 1493 est
766 1443 863 1493 autem
886 1441 1115 1501 consentaneum,
1136 1432 1185 1511 qui
1204 1439 1287 1490 metu
1306 1450 1367 1489 non

392 1519 549 1604 frangatur,
564 1545 630 1583 eum
649 1526 741 1603 frangi
762 1526 935 1603 cupiditate,
956 1544 1018 1592 nec,
1033 1524 1082 1601 qui
1095 1523 1230 1581 invictum
1243 1540 1276 1580 se
1290 1541 1309 1579 a
1321 1521 1366 1580 la·

361 1616 462 1675 'lbere
486 1615 658 1693 praestiterit,
673 1615 746 1673 vinci
766 1634 783 1672 a
803 1615 960 1692 voluptate.
1002 1614 1095 1683 Quam
1116 1613 1153 1671 ob
1174 1631 1235 1670 rem
1249 1619 1280 1670 et
1299 1612 1366 1670 haee

392 1706 523 1774 videnda,
538 1714 567 1763 et
582 1706 709 1785 pecuniae
722 1706 858 1785 fugienda
872 1705 1021 1783 cupiditas.
1063 1705 1141 1762 Nihil
1155 1704 1229 1761 enim
1242 1708 1288 1760 est
1302 1710 1365 1760 tarn

392 1797 506 1876 angusti
520 1797 606 1855 animi
619 1803 736 1874 tamque
757 1796 845 1875 parvi,
862 1815 948 1873 quam
969 1814 1064 1852 amare
1078 1794 1206 1862 divitias;
1226 1792 1298 1851 nihil
1311 1793 1367 1852 ho·

393 1888 502 1945 nestius
528 1888 811 1967 magnificentiusque
836 1904 922 1963 quam
950 1885 1099 1963 pecuniam
1127 1891 1317 1951 contemnere,
1341 1883 1368 1941 si

393 1996 450 2034 non
463 1977 579 2044 habeas,
591 1978 614 2034 si
628 1978 743 2042 habeas,
755 1976 792 2033 ad
804 1975 1018 2033 beneficentiam
1031 1974 1286 2049 liberalitatemque
1296 1992 1367 2031 eon-

362 2066 474 2123 8ferre.
517 2066 652 2122 Cavenda
676 2065 761 2136 etiarn
784 2071 828 2121 est
850 2065 950 2143 gloriae
970 2065 1119 2143 cupiditas,
1134 2070 1167 2121 ut
1187 2082 1275 2142 supra
1295 2062 1367 2123 dixi.

394 2154 486 2232 Eripit
506 2155 580 2211 enim
599 2155 768 2222 libertatem,
784 2173 908 2232 proque
928 2154 1114 2233 magnanimis
1127 2154 1193 2211 viris
1206 2153 1299 2211 omnis
1313 2152 1367 2214 de·
1406 2189 1408 2194 ,

233 2237 238 2308 J
362 2245 444 2302 9bet
463 2262 525 2301 esse
546 2244 696 2303 contentio
737 2244 799 2301 Nee
815 2264 882 2302 vero
903 2245 1021 2323 imperia
1035 2244 1203 2321 expetenda,
1218 2262 1251 2300 ac
1266 2243 1368 2321 potius

395 2340 446 2392 aut
464 2353 522 2402 non
544 2334 708 2412 accipienda
728 2334 880 2403 interdum,
897 2343 948 2393 aut
967 2334 1137 2413 deponenda
1150 2352 1367 2412 nonnunquam.

344 2431 381 2482 10
395 2424 566 2482 Vacandum
579 2433 677 2482 autem
697 2425 773 2482 omni
795 2432 840 2482 est
859 2425 946 2483 animi
968 2425 1187 2501 perturbatione,
1203 2444 1269 2482 cum
1284 2426 1368 2503 cupi—

394 2515 483 2571 ditate
504 2520 533 2571 et
554 2521 642 2582 metu,
657 2521 719 2572 tum
739 2515 824 2572 etiam
839 2515 1008 2593 aegritudine
1023 2522 1052 2572 et
1065 2515 1213 2591 voluptate
1233 2514 1321 2572 animi
1335 2523 1368 2573 et

394 2603 554 2671 iracundia;
576 2609 608 2661 ut
622 2604 807 2682 tranquillitas
821 2605 907 2661 animi
917 2611 946 2661 et
959 2604 1094 2662 securitas
1108 2604 1191 2671 adsit,
1200 2622 1266 2682 quae
1280 2605 1368 2664 affert

345 2700 378 2751 11
395 2713 461 2751 eum
485 2693 680 2762 constantiam,
696 2701 758 2752 tum
781 2695 866 2752 etiam
891 2694 1067 2771 dignitatem.
1109 2693 1194 2752 Multi
1215 2700 1314 2753 autem
1335 2704 1368 2755 et
1408 2762 1412 2769 ¹

394 2791 468 2852 sunt,
484 2791 513 2841 et
532 2784 656 2852 fuerunt,
672 2784 720 2863 qui
740 2803 811 2853 eam,
828 2803 914 2862 quam
936 2784 1007 2851 dicu,
1022 2784 1255 2862 tranquillitatem
1276 2804 1366 2864 expe-

395 2882 495 2943 tentes
511 2893 529 2932 a
549 2875 668 2953 negotiis
691 2875 810 2953 publicis
833 2893 865 2932 se
884 2874 1062 2942 removerint,
1078 2875 1115 2932 ad
1136 2875 1283 2952 otiumque
1299 2895 1365 2955 per·

394 2966 527 3045 fugerint.
569 2965 604 3022 In
614 2965 657 3023 his
669 2973 698 3024 et
711 2965 875 3024 nobilissimi
888 2964 1050 3042 philosophi
1063 2966 1206 3043 longeque
1220 2965 1366 3044 principes

395 3056 549 3135 etquidem
562 3057 689 3114 homines
700 3056 791 3114 severi
804 3061 834 3114 et
847 3074 949 3134 graves
959 3073 1011 3113 nee
1026 3055 1125 3132 pepuli
1135 3073 1186 3112 nee
1201 3054 1366 3135 principum

395 3166 486 3205 mores
508 3147 581 3204 ferre
604 3153 776 3223 potuerunt:
799 3145 985 3222 vixeruntque
1005 3145 1134 3202 nonnulli
1153 3144 1181 3201 in
1203 3144 1289 3224 agris,
1313 3146 1365 3206 de-

348 3243 379 3293 tt
394 3237 491 3294 lectati
503 3255 534 3292 re
549 3253 601 3292 sua
614 3235 750 3292 familiari.
793 3235 846 3291 His
860 3235 936 3292 idem
958 3235 1135 3312 propositum
1148 3234 1210 3301 fuit,
1225 3235 1306 3312 quod
1319 3256 1366 3296 re·

394 3325 486 3403 gibus
502 3330 535 3380 ut
555 3343 592 3380 ne
612 3342 669 3400 qua
690 3342 720 3379 re
743 3331 867 3400 egerent,
883 3343 919 3382 ne
934 3325 979 3382 eui
993 3332 1134 3403 parerent,
1148 3325 1279 3382 libertate
1300 3333 1365 3385 ute-

394 3422 509 3472 rentur:
531 3413 614 3491 cujus
628 3412 774 3490 proprium
789 3420 832 3470 est
846 3413 885 3470 sic
899 3413 1001 3483 vivere,
1017 3422 1050 3472 ut
1063 3415 1141 3472 velis

434 3593 513 3651 XXI.
528 3593 630 3662 Quare,
639 3612 703 3649 cum
713 3592 767 3649 boc
774 3611 923 3651 commune
932 3594 967 3650 sit
976 3595 1111 3672 potentiae
1119 3593 1288 3672 cupidorum
1297 3615 1366 3656 eum

396 3683 436 3752 iis,
452 3701 523 3760 quos
537 3682 603 3749 dixi,
614 3682 726 3740 otiosis:
748 3683 829 3741 alteri
850 3702 880 3741 se
894 3683 1014 3761 adipisci
1032 3685 1061 3742 id
1080 3703 1164 3762 posse
1178 3685 1365 3755 arbitrantur,

394 3773 418 3831 si
440 3791 509 3850 opes
529 3791 648 3850 magnas
668 3771 808 3830 habeant:
831 3773 921 3840 alteri,
937 3775 961 3831 si
981 3775 1107 3832 contenti
1128 3775 1185 3832 sint
1205 3782 1235 3831 et
1255 3793 1317 3842 suo,
1333 3793 1367 3834 ee

364 3869 491 3941 tparvo.
533 3862 569 3919 ln
591 3880 648 3939 quo
670 3869 836 3920 neutrorum
859 3863 972 3921 omnino
994 3864 1200 3923 contemnenda
1222 3864 1365 3923 sententia
1415 3858 1419 3869 '

395 3958 455 4011 est:
471 3950 522 4010 sed
537 3958 566 4010 et
579 3951 687 4009 facilior
697 3957 727 4008 et
740 3952 829 4010 tutior
842 3959 872 4011 et
885 3953 977 4011 minus
991 3953 1052 4012 aliis
1065 3955 1162 4034 gravis
1175 3961 1227 4012 eut
1239 3953 1365 4014 molesta
