3259 4775
303 589 341 643 118
726 600 762 637 mr
778 599 904 639 orrrous

354 730 497 809 opposuit,
523 729 647 807 speciem
671 729 828 787 honestatis
849 748 943 806 neque
967 730 1155 806 probabilem,
1179 750 1222 790 ne<

354 821 493 879 idoneam.
535 820 669 878 Peccavit
681 820 776 898 igitur,
791 838 863 897 pace
877 820 923 878 vel
937 819 1045 889 Quirini
1058 821 1105 880 vel
1119 822 1221 879 Romul

323 910 416 970 drim.
458 910 520 969 Nec
545 918 641 968 tamen
665 917 770 969 nostrae
793 910 875 969 nobis
899 911 1036 969 utilitates
1060 913 1222 970 omittenda

355 1001 472 1078 aliisque
491 1000 648 1070 tradendae,
669 1021 736 1059 oum
754 1001 799 1058 his
820 1001 874 1079 ipsi
893 1020 1048 1079 egeamus:
1070 1004 1122 1061 sed
1142 990 1222 1061 suae'·

323 1093 339 1151 'l
354 1092 476 1160 utilitati,
487 1092 564 1170 quod
578 1092 637 1149 sine
651 1092 766 1150 alterius
779 1092 881 1170 injuria
894 1094 952 1160 fiat,
963 1093 1144 1152 serviendum
1158 1101 1208 1152 est.

356 1183 544 1262 Chrysippus,
559 1191 592 1240 ut
615 1182 721 1241 multa:
744 1183 800 1252 Qui
822 1183 955 1249 stadium,
977 1184 1076 1260 inquit,
1094 1184 1219 1252 currite

355 1274 526 1332 contendere
540 1273 634 1340 debet,
650 1291 736 1349 quam
749 1273 871 1330 maxime
890 1274 987 1350 possit,
1001 1282 1034 1331 ut
1054 1274 1151 1331 vincat
1160 1294 1167 1341 ;
1188 1294 1219 1332 su

355 1372 416 1422 tare
439 1383 513 1430 eum,
528 1363 643 1440 quicum
664 1369 762 1429 certet,
784 1371 834 1421 aut
856 1384 944 1421 manu
965 1364 1117 1441 depellere,
1138 1365 1215 1422 nullo

356 1454 450 1511 debet.
493 1452 582 1510 Sinin
596 1453 654 1509 vita
668 1452 721 1510 sibi
741 1472 884 1530 quemque
906 1463 1012 1530 petere,
1026 1454 1106 1531 quod
1127 1456 1222 1532 portin«

355 1562 448 1610 usum,
463 1561 520 1599 non
533 1542 660 1619 iniquum
675 1550 736 1610 est;
758 1543 840 1601 alteri
855 1544 992 1620 deripere,
1005 1544 1053 1621 jus
1067 1564 1124 1601 non
1138 1553 1190 1603 est.

324 1640 341 1691 8
394 1632 518 1691 Maxime
542 1641 639 1690 autem
665 1634 870 1710 perturbantur
894 1634 984 1691 officia
1004 1634 1033 1691 in
1053 1635 1222 1702 amicitiis3·

356 1731 385 1783 et
398 1743 455 1783 non
468 1724 601 1792 tribuere,
616 1724 694 1801 quod
707 1731 785 1782 recte
806 1724 906 1802 possis,
922 1731 951 1782 et
971 1725 1108 1792 tribuere,
1120 1726 1199 1803 quod
1217 1746 1222 1782 1

324 1822 341 1875 9
357 1834 480 1893 aequum,
496 1821 594 1873 contra
608 1814 730 1873 officium
744 1820 795 1872 est.
838 1814 897 1872 Sed
911 1815 998 1893 hujus
1011 1816 1123 1893 generis
1138 1817 1222 1873 totius

356 1914 385 1966 et
405 1926 461 1965 non
484 1906 594 1964 difficile
617 1912 794 1982 praeceptum
817 1913 869 1963 est.
911 1905 983 1974 Quae
1003 1906 1077 1963 enim
1091 1906 1222 1964 videntur

355 1998 485 2064 honores,
509 1996 622 2063 divitiae,
645 1995 818 2071 voluptates,
845 2003 939 2053 cetera
962 1996 1074 2074 generis
1096 1997 1222 2074 ejusdem

307 2093 342 2145 10
356 2086 485 2145 amicitiae
498 2105 644 2164 nunquam
658 2084 858 2162 anteponenda
871 2093 946 2144 sunt.
988 2087 1031 2143 At
1044 2106 1138 2164 neque
1153 2094 1222 2146 cont

356 2176 509 2255 publicam,
524 2195 616 2254 neque
630 2182 728 2234 eontra
740 2175 787 2253 jus
805 2176 961 2253 jurandum
975 2196 1009 2233 ac
1022 2176 1118 2245 fidem,
1134 2177 1215 2235 amici

355 2267 501 2325 virbonus
514 2266 618 2335 faciet;
638 2285 675 2324 ne
689 2266 713 2323 si
723 2266 816 2343 judex
826 2265 941 2343 quidem
950 2268 1003 2324 erit
1015 2266 1050 2324 de
1061 2267 1124 2344 ipso
1138 2268 1222 2325 amic(

306 2364 339 2417 11
355 2357 397 2415 nit
411 2358 485 2415 enim
500 2376 650 2436 personam
665 2356 755 2425 amici,
771 2376 837 2415 cum
851 2357 943 2415 induit
954 2357 1067 2436 judicis.
1111 2358 1222 2416 Tantun

357 2447 494 2514 amicitiae,
509 2453 543 2504 ut
556 2466 652 2504 veram
666 2448 748 2505 amici
762 2466 877 2505 causam
897 2466 959 2505 esse
973 2448 1070 2505 malit:
1093 2457 1126 2505 ut
1140 2449 1222 2507 oraud

306 2546 341 2596 12
355 2545 478 2614 tempus,
495 2536 590 2614 quoad
604 2538 744 2615 perleges
759 2538 850 2605 liceat,
861 2538 1065 2596 accommodet.
1110 2540 1184 2596 Cum
1198 2560 1222 2597 vr

355 2635 418 2686 rato
431 2627 570 2685 sententia
584 2627 704 2694 dicenda
724 2628 768 2694 sit,
784 2628 950 2696 meminerit,
967 2629 1052 2686 deum
1074 2648 1104 2686 se
1126 2629 1222 2688 adhibe

356 2726 437 2786 stem,
452 2717 482 2775 id
504 2725 556 2784 est,
578 2725 611 2775 ut
632 2737 687 2796 ego
709 2719 839 2786 arbitror,
854 2726 980 2776 mentem
1001 2738 1090 2786 suam,
1107 2739 1164 2797 qua
1183 2717 1222 2777 nil

305 2818 340 2870 1³
356 2809 423 2868 mini
436 2809 516 2867 dedit
530 2809 600 2867 deus
621 2809 681 2886 ipse
696 2809 825 2866 divinius
867 2810 969 2885 ltaque
984 2810 1151 2886 praeclarum
1174 2829 1192 2866 a
1209 2831 1222 2868 1

355 2904 409 2961 bus
430 2900 590 2979 accepimus
614 2918 722 2956 morem
744 2899 866 2976 rogandi
885 2899 999 2976 judicis,
1020 2899 1043 2956 si
1068 2919 1134 2956 eum
1160 2905 1222 2958 tene

357 3013 419 3068 qcoe
432 2995 510 3050 salec
526 2992 587 3068 fide
600 2993 695 3067 facere
710 2991 808 3064 possit.
852 2990 923 3047 Haec
944 2990 1055 3067 rogatio
1075 2990 1113 3046 ad
1134 3009 1168 3048 ea
1189 3010 1222 3068 pe

355 3103 421 3161 quae
434 3085 521 3161 paulo
535 3089 600 3140 ante
615 3081 673 3140 dixi
686 3081 804 3139 honeste
826 3081 916 3137 amico
937 3099 967 3136 a,
973 3080 1070 3157 judice
1093 3099 1177 3156 posse
1199 3101 1222 3139 c<

306 3179 341 3232 14
355 3175 431 3232 Nam
452 3173 476 3230 si
496 3174 589 3230 omnia
608 3171 738 3229 facienda
758 3172 823 3239 sint,
844 3190 910 3247 quae
933 3171 1014 3228 amici
1028 3170 1133 3228 velint:
1154 3191 1213 3229 non

307 3272 341 3325 15
355 3265 403 3322 tiae
426 3264 505 3330 tales,
531 3262 581 3319 sed
602 3263 809 3339 conjurationes
830 3261 966 3339 putandae
987 3261 1049 3318 sint.
1092 3261 1209 3339 Loquor

356 3354 393 3411 de
407 3353 607 3412 communibus.
613 3353 747 3410 amicitiis
783 3353 859 3409 Nam
873 3353 901 3410 in
915 3352 1089 3429 sapientibus
1099 3352 1165 3410 viris
1176 3371 1222 3430 per

307 3450 341 3501 16
355 3462 412 3519 que
425 3443 494 3501 nihil
508 3448 603 3519 potest
617 3461 678 3499 esse
692 3442 757 3500 tale.
799 3443 958 3500 Damonem
970 3450 999 3499 et
1012 3443 1164 3510 Phintiam,
1176 3443 1222 3520 Py

355 3550 427 3599 reos,
442 3533 537 3590 ferunt
549 3533 605 3590 hoc
620 3533 712 3591 animo
732 3533 805 3590 inter
819 3553 849 3591 se
869 3533 964 3600 fuisse,
981 3540 1021 3600 ut,
1044 3553 1110 3590 oum
1130 3552 1222 3590 corun

357 3621 509 3699 Dionysius
523 3629 661 3700 tyrannus
676 3624 751 3680 diem
771 3624 848 3681 necis
862 3623 1067 3690 destinavisset,
1087 3623 1162 3690 etis,
1179 3628 1221 3700 qu'

244 3776 246 3781 ¹
357 3712 489 3771 addictus
510 3722 593 3782 esset,
616 3733 722 3791 paucos
743 3714 796 3771 sibi
818 3713 877 3770 dies
899 3712 1189 3771 commendandorum
1210 3733 1222 3770 s

256 3802 259 3811 “
356 3821 443 3861 causa
457 3803 675 3880 postulavisset:
697 3822 747 3860 vas
761 3804 854 3860 factus
869 3810 913 3860 est
926 3805 999 3861 alter
1013 3804 1075 3879 ejus
1089 3803 1222 3870 sistendi3

309 3892 342 3953 17
356 3892 404 3952 ille
417 3913 475 3951 non
487 3893 657 3961 revertisset,
668 3893 846 3952 moriendum
860 3900 936 3950 esset
949 3894 1010 3971 ipsi.
1047 3893 1103 3962 Qui
1116 3913 1184 3951 oum
1198 3913 1222 3950 a«

357 4003 389 4054 se
401 3983 563 4075 recepisset,
578 3983 733 4043 admiratus
746 4001 846 4042 eorum
859 3984 945 4043 fidem
959 3992 1106 4073 tyrannus,
1122 3983 1222 4062 petivit
