3259 4775
491 617 547 690 ,μ
562 593 571 616 ''
634 617 721 656 amna
733 617 753 657 1.
795 616 862 658 can.
877 618 979 657 xxxin.
1274 604 1312 656 ⁴8
1367 631 1370 638 .

507 693 513 702 .
1365 721 1378 746 Ι
1414 693 1424 732 ,

301 746 441 824 ¹‹ptsoddam
461 746 625 815 institutum
647 754 875 825 consequantur:
899 746 1075 830 maximeque
1096 748 1125 805 in
1145 745 1259 825 comple·
1278 735 1299 796 'f'
1316 685 1414 808 ‹“.')'·⁵⁶

385 836 615 922 Quaen
631 837 802 918 Qum
812 821 1193 917 aupffi‘pffimobscuss
1206 836 1261 895 ont
1294 831 1298 890 :

310 927 457 1004 majoribus.
498 925 571 985 Haec
590 926 677 1006 igitur
692 927 794 995 omnia,
810 946 875 986 cum
890 928 1051 1005 quaerimus,
1066 927 1135 1005 quid
1149 926 1259 994 docent,
1276 925 1291 985 't

313 1016 445 1095 complecti
457 1015 552 1074 animo
565 1023 595 1075 et
608 1017 778 1096 cogitatione
791 1017 938 1077 debemus.

342 1103 485 1184 Inprimis
504 1114 604 1165 eutem
624 1108 854 1166 constituendum
874 1114 927 1176 est,
948 1126 1021 1185 quos
1041 1127 1093 1165 nos
1113 1115 1143 1165 et
1162 1108 1292 1186 quales8

317 1211 364 1254 use
378 1195 503 1266 velimus,
524 1204 554 1255 et
577 1197 683 1276 inquo
706 1217 810 1275 genere
830 1198 914 1256 vitae:
944 1216 1010 1274 quae
1030 1197 1194 1255 deliberatio
1216 1204 1261 1254 est

317 1285 421 1345 omnium
443 1286 615 1345 difficilluna„
656 1288 778 1345 Ineunte
802 1288 876 1346 enim
900 1287 1098 1354 adolescentia,
1124 1305 1190 1345 cum
1213 1293 1292 1345 est9

318 1374 417 1434 mxime
434 1376 611 1436 imbecillitas
630 1376 745 1444 consilii,
760 1384 822 1435 tum
837 1378 866 1435 id
881 1378 934 1436 sibi
947 1377 1066 1456 quisque
1086 1395 1177 1456 genus
1191 1384 1259 1434 aeta-

320 1462 349 1521 tit
357 1464 484 1545 degendae
496 1467 651 1535 constituit,
662 1467 740 1544 quod
753 1468 875 1525 maxime
890 1468 1041 1555 edamamt.
1077 1468 1296 1576 Itaqueoeanlcs'

321 1554 454 1632 {plicatur
474 1557 569 1634 aliquo
592 1564 670 1615 certo
692 1575 797 1635 genere
818 1576 960 1634 cursuque
972 1557 1093 1625 vivendi,
1108 1576 1193 1635 quam
1208 1576 1258 1634 po-

317 1641 449 1723 ffitquod
469 1647 610 1724 optimum
629 1653 713 1714 esset,
732 1647 870 1725 judicare.
911 1648 987 1705 Nam
1006 1648 1083 1725 quod
1104 1648 1261 1724 Herculem
1275 1639 1342 1726 102

323 1729 457 1795 Prodicium
474 1736 574 1795 dicunt
589 1735 634 1816 (ut
648 1743 692 1794 est
705 1737 784 1815 apud
803 1723 1117 1815 XenopboTteTnlcu'm
1137 1723 1259 1813 primurn
1331 1761 1339 1788 ι

324 1811 462 1898 ffieret
487 1811 578 1905 ldquo
600 1833 715 1904 tempus
739 1845 756 1883 a
776 1834 878 1885 natura
898 1826 936 1883 ad
961 1825 1152 1904 deligendum,
1173 1845 1259 1902 quam

309 1912 415 1992 'quisque
432 1917 507 1975 viam
524 1917 638 1975 vivendi
658 1917 694 1974 sit
713 1917 902 1995 ingressurus,
923 1915 1022 1973 datum
1044 1913 1100 1994 est)
1121 1915 1211 1973 exisse
1231 1916 1259 1972 in

327 2002 481 2075 wltndinem,
496 2013 584 2085 atque
608 2007 647 2065 ibi
665 2006 813 2064 sedentem
829 2007 879 2065 diu
897 2025 995 2063 secum
1014 2005 1193 2082 multumque
1207 2001 1283 2063 du!¹

327 2087 411 2167 bile-sse,
424 2118 490 2156 cum
512 2097 583 2155 duas
606 2104 735 2155 cerneret
755 2096 824 2165 vias,
846 2115 932 2154 unam
951 2095 1127 2173 Voluptatis
1142 2096 1261 2154 alteram
1277 2089 1288 2102 ’

328 2177 424 2256 Virtutis,
436 2194 532 2245 utram
544 2186 654 2266 ingredi
667 2187 768 2244 melius
782 2193 876 2255 esset;
896 2187 952 2244 hoc
966 2186 1091 2253 Herculi,
1101 2187 1181 2245 Jovis
1195 2195 1260 2245 satu
1275 2194 1308 2245 ll

327 2269 387 2343 edito,
403 2278 495 2355 potuit
515 2277 635 2335 fortasse
657 2277 838 2355 contingere:
861 2277 943 2335 nobis
963 2296 1019 2334 non
1038 2277 1116 2344 item,
1131 2278 1179 2354 qui
1199 2278 1258 2335 imi-

327 2363 400 2434 tamur,
413 2388 485 2446 quos
506 2366 608 2445 cuique
620 2366 713 2426 visum
727 2375 779 2435 est,
794 2374 882 2445 atque
901 2367 939 2425 ad
959 2386 1058 2425 eorum
1074 2367 1169 2425 studia
1183 2367 1258 2426 insti·

327 2454 414 2534 isteque
425 2458 612 2537 impellimur;
632 2459 799 2536 plerumque
813 2465 919 2526 eutem,
935 2465 1085 2536 parentum
1106 2459 1259 2536 praeceptis
1276 2465 1310 2516 12

327 2537 405 2616 inbuti,
414 2549 451 2607 ad
464 2567 563 2606 eorum
574 2549 808 2606 consuetudinem
818 2568 983 2625 moremque
994 2548 1168 2607 deducimur.
1200 2549 1258 2606 Alii
1414 2604 1417 2613 ,

326 2633 480 2696 adrudus
499 2638 606 2716 judicio
625 2638 763 2706 feruntur,
779 2657 901 2716 quaeque
914 2640 1015 2718 majori
1035 2639 1109 2718 parti
1127 2639 1258 2717 pulcher·
1339 2697 1342 2705 ,
1362 2680 1377 2691 ..
1404 2685 1424 2705 ,,

326 2717 375 2782 dna
384 2728 517 2797 videatur,
532 2747 567 2787 ea
579 2728 702 2786 maxime
716 2735 826 2806 optant.
867 2729 1004 2787 Nonnulli
1016 2736 1112 2787 tamen
1126 2730 1184 2786 sive
1197 2729 1257 2787 feli·
1275 2736 1309 2786 ia
1347 2766 1352 2787 -,
1368 2748 1371 2769 =
1398 2720 1413 2755 's

326 2806 386 2873 dua
401 2818 532 2896 quadam,
554 2818 614 2876 sive
637 2818 764 2876 bonitate
787 2826 897 2876 naturae
927 2819 968 2878 siv
1006 2826 1157 2895 parentum
1177 2819 1220 2876 dis
1238 2819 1258 2863 '·
1282 2884 1300 2907 υ
1313 2814 1341 2841 ‘'

326 2898 385 2989 plna,
396 2914 501 2967 rectam
515 2908 581 2966 vitae
599 2907 690 2966 secuti
703 2914 770 2966 sunt
782 2838 1311 2992 viamliffifffffliffitddli

325 2994 518 3056 nttxinrerarum
526 3004 667 3076 geuusest
675 3017 781 3066 eorum,
789 2998 838 3075 qui
846 3005 896 3055 aut
905 2998 1059 3055 excellente
1067 2997 1170 3074 ingenii
1178 3015 1257 3075 meg·
1326 2998 1365 3055 ,s

325 3076 429 3157 titudine,
440 3095 491 3146 aut
504 3088 642 3167 praeclara
655 3086 811 3146 eruditione
826 3095 913 3163 atque
928 3086 1063 3153 doctrina,
1076 3094 1127 3143 aut
1136 3093 1257 3164 utraque

324 3181 345 3224 re
360 3178 444 3246 ornati,
467 3177 591 3254 spatium
612 3177 698 3234 etiam
720 3176 895 3236 deliberandi
918 3176 1088 3244 habuerunt,
1102 3195 1188 3253 quem
1207 3196 1256 3254 po-

323 3255 433 3325 1Ἐεἰιιιιιιιι
445 3268 512 3326 vitae
525 3286 640 3325 cursum
659 3267 738 3345 sequi
752 3268 872 3325 vellent:
893 3266 923 3324 in
936 3285 993 3344 qua
1007 3265 1206 3325 deliberatione
1220 3267 1257 3324 ad
1272 3274 1288 3323 2

298 3362 380 3495 ‘gun
400 3358 537 3436 cujusque
559 3362 690 3414 naturam
714 3357 859 3415 consilium
884 3364 929 3415 est
952 3376 1036 3414 omne
1056 3356 1255 3415 revocandum.

340 3458 376 3503 tm
398 3465 463 3506 cum
488 3448 519 3505 in
541 3447 680 3515 omnibus,
706 3466 771 3524 quae
797 3454 932 3525 aguntur,
957 3417 1288 3555 emaque-mdo]
1300 3440 1331 3523 Γ,

286 3592 289 3609 ,
314 3532 587 3684 ψ
600 3535 644 3616 (ut
658 3556 746 3614 supra
760 3536 868 3594 dictum
883 3535 938 3615 est)
954 3526 1145 3614 quid'de'ceat
1161 3538 1256 3615 exqui·
1274 3560 1278 3609 ι
1310 3530 1323 3547 “’

286 3624 288 3629 ’
392 3671 399 3694 ,
432 3647 481 3684 um
501 3646 531 3684 rn
551 3633 612 3684 tota
626 3626 684 3683 vita
699 3627 904 3694 constituenda,
920 3627 1011 3684 multo
1025 3634 1069 3684 est
1084 3628 1280 3705 curamajorj
1325 3623 1331 3643 “

311 3693 517 3819 adhibendfit
540 3723 669 3774 constare
689 3715 717 3773 in
737 3715 803 3773 vitae
827 3717 1017 3793 perpetuitate
1042 3718 1182 3794 possimus
1206 3736 1255 3773 no·

308 3802 396 3864 hiemet
414 3806 493 3884 ipsis,
506 3825 558 3863 nec
576 3805 605 3862 in
618 3805 677 3862 ullo
691 3805 781 3863 officio
796 3805 964 3863 claudicare.
1005 3807 1056 3864 Ad
1070 3809 1144 3865 hanc
1158 3813 1255 3864 autem
1270 3810 1287 3862 4

301 3893 428 3955 ratonem
447 3895 580 3973 quoniam
599 3895 753 3952 maximam
766 3895 824 3953 vim
837 3903 940 3954 natura
953 3896 1049 3963 habet,
1064 3898 1177 3955 fortuna
1190 3915 1255 3972 pro·

297 3982 412 4055 tiniam3
432 3985 579 4062 utriusque
593 3984 706 4042 omuino
719 3985 852 4045 habenda
861 3985 934 4043 ratio
944 3991 988 4042 est
1000 3985 1030 4043 in
1043 3984 1194 4063 deligendo
1207 4002 1255 4061 ge
