3259 4775
659 595 745 635 usus
757 597 777 635 1.
820 597 886 636 cnr.
902 598 979 637 xurv.
1268 588 1304 640 δᾶ

268 719 286 818 i
343 730 434 793 XLIV.
454 736 555 813 Atque
572 734 620 803 illi,
635 755 757 813 quorum
778 737 873 794 studia
887 737 1000 816 vitaque
1015 739 1105 797 omnis
1118 738 1146 796 in
1160 758 1254 796 rerum

321 823 446 899 orduone
460 833 573 884 versata
586 833 639 893 est,
654 835 750 884 tamen
763 828 801 885 ab
816 827 954 905 augendis
969 828 1114 886 hominum
1128 829 1253 886 utilitati·

285 931 288 936 ·
321 909 391 972 buret
400 916 550 975 commodis
563 935 620 975 non
633 922 818 976 recesserunt.
854 917 930 975 Nam
943 925 973 976 et
986 918 1168 988 erudiverunt
1181 919 1253 977 mul·
1269 927 1286 978 2

323 1006 361 1069 tou,
369 1022 418 1081 quo,
425 1007 554 1065 meliores
563 1007 639 1066 cives
652 1008 833 1085 utilioresque
844 1009 929 1066 rebus
940 1007 997 1065 suis
1011 1008 1131 1087 publicis
1142 1018 1252 1067 essent:

323 1098 346 1147 ut
355 1093 501 1155 Thebanum
514 1097 742 1175 Epaminondam
756 1098 839 1175 Lysis
849 1099 1059 1176 Pythagoreus,
1071 1099 1255 1176 Syracusium

313 1180 411 1244 Diouem
430 1188 513 1245 Plato
537 1187 676 1264 multique
700 1187 820 1245 multos:
849 1207 957 1267 nosque
978 1189 1040 1265 ipsi,
1061 1189 1195 1266 quicquid
1216 1189 1254 1246 ad

322 1278 506 1353 rempublicam
519 1277 675 1345 attulimus,
690 1277 715 1335 si
728 1278 814 1336 modo
828 1278 935 1356 aliquid
953 1278 1109 1346 attulimus,
1124 1298 1142 1335 a
1156 1279 1253 1338 docto·

322 1362 376 1422 ribus
388 1375 467 1445 atque
480 1368 611 1427 doctrina
629 1367 759 1426 instructi
773 1368 811 1426 ad
829 1387 892 1426 cam
913 1377 942 1426 et
962 1369 1054 1427 ornati
1073 1368 1252 1427 accessimus.

321 1449 394 1531 Neque
412 1459 503 1517 solum
523 1458 579 1516 vivi
598 1466 685 1535 atque
708 1466 863 1538 praesentes
883 1458 1025 1517 studiosos
1046 1459 1174 1518 discendi
1188 1467 1285 1518 eru-3

320 1540 377 1603 diunt
387 1555 465 1626 atque
478 1548 591 1617 docent,
605 1550 657 1608 sed
676 1552 732 1609 hoc
747 1549 824 1608 idem
838 1549 924 1607 etiam
938 1559 1004 1626 post
1018 1558 1140 1608 mortem
1152 1570 1251 1609 monu-

319 1636 392 1695 uuus
403 1638 558 1697 litterarum
570 1648 776 1724 assequuntur:
796 1658 849 1698 nec
860 1640 934 1697 euim
947 1640 1027 1698 locus
1041 1641 1116 1698 ullus
1135 1649 1251 1718 praeter·
1267 1647 1283 1697 4

319 1722 393 1785 misam
411 1736 453 1787 est
472 1730 510 1787 ab
530 1728 572 1797 iis,
587 1730 637 1807 qui
655 1729 693 1787 ad
713 1730 803 1808 leges,
819 1730 868 1806 qui
881 1729 919 1786 ad
937 1749 1040 1797 mores,
1055 1732 1105 1807 qui
1118 1731 1155 1788 ad
1170 1731 1251 1788 disci·

319 1812 396 1888 pluam
412 1820 452 1877 rei
471 1819 596 1897 publicae
615 1821 786 1898 pertineret:
808 1829 842 1877 ut
862 1819 952 1876 otium
967 1839 1050 1876 suum
1064 1820 1102 1876 ad
1122 1827 1252 1878 nostrum

318 1909 430 1982 motum
449 1910 602 1969 contulisse
616 1910 773 1969 videantur.
817 1911 863 1967 Ita
878 1909 917 1966 illi
929 1908 984 1986 ipsi
998 1908 1134 1966 doctrina>
1152 1909 1252 1968 studiis
1267 1920 1285 1971 ὅ

268 1973 271 2060 l
318 1997 471 2076 atspientiae
485 2000 583 2068 dediti,
597 2000 635 2057 ad
648 2000 796 2058 hominum
817 2000 970 2057 utilitatem
991 2018 1073 2057 suam
1093 2000 1251 2078 intelligen-

317 2079 365 2144 fiad
372 2091 601 2167 prudentiamque
611 2090 791 2169 potissimum
799 2090 955 2149 conferunt.
982 2089 1027 2148 Ob
1036 2109 1156 2168 eamque
1166 2091 1250 2150 etiam
1267 2099 1284 2151 a

317 2189 402 2238 ausam
417 2182 514 2259 eloqui
535 2182 657 2259 copiose,
679 2181 766 2239 modo
786 2181 950 2257 prudenter,
972 2181 1072 2239 melius
1092 2189 1144 2250 est,
1166 2202 1251 2260 quam

268 2263 276 2344 {²
315 2264 503 2330 electissime
517 2271 576 2329 sine
590 2271 752 2348 eloquentia
771 2272 898 2348 cogitare
910 2290 917 2339 ;
938 2270 1016 2348 quod
1031 2272 1165 2350 cogitatio
1179 2273 1207 2330 in
1221 2293 1251 2331 sc

268 2353 271 2360 ’
313 2348 359 2430 lpse
372 2363 492 2443 vertitur,
512 2361 674 2440 eloquentia
694 2361 894 2440 complectitur
914 2380 971 2429 eoo,
986 2361 1155 2440 quibuscum
1176 2382 1250 2422 com-

313 2449 420 2512 amaa
438 2453 533 2532 juncti
553 2473 659 2511 sumus.
701 2453 802 2530 Atque
823 2459 856 2511 ut
874 2452 971 2529 apium
986 2453 1114 2510 examina
1128 2473 1185 2512 non
1198 2455 1282 2512 tin-t

312 2539 441 2609 gadorum
454 2545 586 2601 favorum
599 2563 685 2602 causa
699 2550 920 2621 congregantur,
935 2543 995 2610 sed,
1011 2564 1076 2600 cum
1095 2563 1250 2623 congrega-

312 2618 360 2686 ffllt
369 2642 463 2693 natura
476 2634 542 2701 sint,
556 2634 669 2712 fingimt
682 2633 779 2691 favos:
803 2634 843 2691 sic
857 2633 994 2702 homines„
1009 2653 1043 2691 ao
1060 2633 1151 2692 multo
1165 2635 1250 2692 etiam
1367 2685 1372 2695 .

310 2721 386 2796 mgis,
398 2732 501 2783 natura
521 2723 697 2802 congregati,
712 2723 850 2782 adhibent
863 2724 969 2801 agendi
983 2723 1182 2802 cogitandique
1195 2723 1269 2798 sol··
1295 2722 1412 2795 itali

310 2797 402 2874 lernam,
443 2817 548 2892 Itaque
569 2814 621 2872 nisi
640 2833 675 2871 ea
693 2815 792 2882 virtus,
812 2834 879 2891 quae
900 2821 1011 2872 constat
1033 2833 1070 2871 ex
1090 2814 1250 2871 hominibus
1266 2822 1283 2871 8

310 2897 403 2975 tutulis,
417 2906 448 2964 id
470 2912 516 2964 est
538 2924 573 2962 ex
592 2903 728 2963 societate
748 2904 860 2983 generis
878 2904 1003 2970 humani,
1018 2905 1142 2981 attingat
1156 2903 1250 2980 cogui-

309 2980 390 3053 fi(trem
401 3016 506 3064 rerum,
521 2995 648 3074 solivaga
662 2996 785 3073 cognitio
800 3002 829 3052 et
845 2994 944 3071 jejuna
958 2993 1106 3059 rideatur3
1126 2992 1250 3068 itemque
1266 2999 1283 3051 9

308 3085 449 3158 magutudo
469 3085 563 3153 animi,
577 3092 687 3143 remota
708 3085 910 3144 communitate
930 3083 1182 3160 conjunctioneque
1197 3083 1249 3140 hu-

306 3177 379 3243 mus,
393 3177 494 3257 feritas
512 3176 550 3233 sit
569 3175 702 3253 quaedam
721 3183 751 3233 et
774 3174 941 3232 immanitas.
984 3173 1030 3231 Ita
1049 3173 1090 3240 fit,
1110 3181 1142 3231 ut
1157 3173 1250 3232 vincat
1266 3181 1301 3235 10

307 3264 448 3341 aquitonis
463 3266 591 3325 studium
605 3266 775 3324 consociatio
793 3266 941 3323 hominum
953 3273 1040 3342 atque
1054 3264 1249 3324 communitas.

305 3336 355 3408 lltt
365 3374 459 3416 rerum
474 3364 527 3423 est,
543 3357 622 3434 quod
637 3356 740 3414 dicitur
759 3376 777 3413 a
791 3356 971 3433 quibusdam,
992 3362 1111 3434 propter
1129 3356 1249 3414 necessi·

305 3434 375 3502 letam
386 3449 459 3516 vitae,
474 3448 553 3525 quod
574 3466 616 3514 ea,
632 3454 821 3525 quaelnatura
842 3446 1025 3513 desideraret,
1041 3446 1175 3524 consequi
1190 3446 1250 3504 sine

304 3519 353 3588 “lit
370 3546 451 3616 atquc
474 3538 585 3595 efficere
606 3557 662 3594 non
683 3556 840 3613 possemus,
855 3537 961 3595 idcirco
981 3537 1080 3594 initam
1101 3555 1163 3594 esse
1184 3557 1250 3594 cum

304 3606 441 3686 l⁰1ninibus
457 3627 690 3709 communitatem
705 3634 734 3683 et
748 3627 929 3694 societatem;
950 3625 1036 3703 quod,
1052 3626 1076 3684 si
1094 3627 1187 3684 omnia
1200 3646 1249 3683 no·

303 3696 415 3804 blfltquae
433 3719 470 3776 ad
485 3718 593 3775 victum
615 3718 781 3793 cultumque
802 3717 952 3794 pertinent,
974 3716 1055 3793 quasi
1077 3716 1187 3795 virgula
1209 3716 1250 3773 di·

303 3806 361 3872 ”fltt
373 3817 404 3868 ut
415 3810 503 3876 aiunt,
518 3807 780 3885 suppeditarentur,
797 3814 860 3865 tum
874 3808 982 3885 optimo
996 3807 1115 3885 quisque
1128 3807 1249 3885 ingenio,

303 3896 403 3967 scota
422 3899 554 3958 omnibus
574 3897 693 3967 omissis
709 3905 802 3956 totum
817 3917 848 3955 se
862 3898 891 3956 in
905 3898 1066 3976 cognitione
1084 3905 1114 3955 et
1134 3896 1251 3955 scientia

303 3970 441 4049 edlttttret.
476 3989 543 4047 Non
557 3995 601 4046 est
615 3988 662 4046 ita.
697 3988 773 4046 Nam
787 3995 817 4047 et
830 3988 1011 4046 solitudinem
1025 3987 1146 4065 fugeret,
1161 3993 1191 4043 et
1204 4004 1249 4042 so-
1266 3990 1299 4042 11
