3259 4775
619 602 706 642 maa
719 601 763 641 111.
805 549 872 641 oab.
887 602 915 640 v.
1235 587 1270 640 91

284 730 325 789 tio
338 729 453 800 accidit,
467 730 552 808 quale
565 730 603 789 sit
615 730 654 799 id,
669 730 777 808 dequo
791 730 991 789 consideretur.
1032 729 1118 807 Saepe
1132 730 1219 789 enim·
1236 736 1270 789 11

283 840 385 899 mpore
399 821 441 890 fit,
451 827 494 890 ut,
504 820 583 899 quod
596 828 680 899 turpe
694 821 863 899 plerumque
876 819 975 879 haberi
988 820 1086 888 soleat,
1099 820 1221 878 invenia-

284 931 302 969 r
319 930 380 969 non
399 930 463 969 esse
483 918 575 990 turpe.
616 910 748 989 Exempli
769 929 856 968 causa
874 918 997 989 ponatur
1011 910 1127 987 aliquid,
1142 909 1220 988 quod

284 1001 456 1060 ttaatlatius.
486 1000 571 1070 Quod
582 1008 679 1079 potest
688 1001 781 1079 majus
792 1019 854 1058 esse
863 999 964 1067 scelus,
973 1018 1060 1076 quam
1069 1001 1220 1058 uonmodo
1235 1007 1272 1059 12

284 1091 406 1159 minem,
426 1090 477 1149 aed
498 1091 583 1149 etiam
602 1090 768 1149 familiarem
787 1090 931 1148 hominem
950 1089 1100 1147 occidere?
1141 1090 1220 1148 Num

284 1181 342 1239 itur
360 1200 392 1239 se
412 1180 540 1239 astrinxit
559 1180 674 1249 scelere,
689 1181 775 1258 siqui
795 1188 947 1258 tyrannum
965 1179 1076 1247 occidit,
1092 1180 1221 1257 quamvis

284 1270 444 1329 miliarem‘l
484 1270 597 1348 Populo
617 1270 732 1347 quidem
755 1270 885 1328 Romano
904 1288 962 1328 non
981 1268 1102 1336 videtur,
1116 1269 1165 1346 qui
1185 1287 1220 1326 ex
1236 1274 1271 1327 1³

284 1361 385 1420 auibus
399 1360 542 1438 praeclaris
555 1360 639 1419 iactis
649 1359 720 1418 illud
733 1359 955 1437 pulcherrimum
965 1358 1116 1417 existimat.
1144 1358 1221 1417 Vicit

284 1469 327 1528 go
337 1449 445 1509 utilitas
458 1450 659 1508 honestatem?
688 1450 782 1509 Immo
791 1468 859 1507 vero
870 1449 1048 1507 honestatem
1058 1448 1165 1506 utilitas
1176 1455 1221 1507 est

284 1548 416 1606 adsecuta.
534 1555 537 1560 '

299 1716 406 1797 ltaque,
420 1728 455 1779 ut
468 1720 528 1778 siue
541 1721 600 1779 ullo
618 1739 712 1779 errore
725 1720 881 1797 dijudicare
902 1720 1053 1798 possimus,
1069 1719 1092 1777 si
1106 1718 1221 1796 quando
1236 1725 1272 1777 14

284 1829 325 1869 um
335 1811 392 1880 illo,
407 1811 486 1888 quod
506 1812 658 1870 honestum
677 1811 871 1889 intelligimus,
886 1829 1014 1888 pugnare
1028 1809 1057 1866 id
1071 1808 1219 1876 videbitur,

284 1900 336 1975 uod
354 1901 534 1979 appellamus
552 1901 630 1969 utile,
652 1901 775 1959 formula
795 1899 928 1977 quadam
949 1898 1146 1957 constituenda
1166 1906 1219 1965 est,

284 2007 343 2065 pam
362 1990 386 2049 si
404 2010 558 2068 sequemur
580 1992 608 2049 in
635 1991 843 2068 comparatione
863 2008 966 2057 rerum,
981 1989 1018 2046 ab
1039 1987 1129 2046 officio
1149 2008 1219 2046 nun·

284 2098 344 2154 pam
353 2081 528 2139 recedemus.
562 2081 625 2139 Erit
635 2088 731 2139 autem
742 2082 805 2139 haec
815 2080 938 2137 formula
948 2079 1109 2137 Stoicorum
1119 2078 1221 2136 rationi
1235 2084 1271 2137 15

284 2166 467 2249 dsciplinaeque
485 2171 607 2228 maxime
627 2177 833 2229 consentanea:
855 2189 941 2247 quam
954 2169 1069 2247 quidem
1084 2169 1127 2226 his
1141 2169 1220 2227 libris

284 2269 406 2337 acpterea
419 2261 574 2338 sequimur,
588 2261 675 2338 quod,
690 2279 865 2338 quamquam
878 2266 908 2317 et
920 2278 938 2316 a
950 2260 1094 2317 veteribus
1107 2259 1220 2317 Acade·

284 2346 335 2409 nicis
344 2356 373 2411 et
386 2369 404 2409 a
417 2351 615 2429 Peripateticis
625 2351 734 2420 vestris,
746 2350 795 2429 qui
803 2348 948 2428 quondam
957 2349 1042 2408 iidem
1056 2355 1219 2428 erantque

284 2447 375 2499 ansa
393 2447 462 2500 suut
481 2449 693 2519 anteponuntur
713 2442 754 2509 iis,
769 2460 835 2518 quaa
854 2441 987 2498 videntur
1006 2441 1104 2508 utilia;
1125 2448 1220 2498 tamen

284 2526 430 2604 plmdidius
443 2531 506 2590 haec
520 2533 558 2590 ab
568 2531 608 2589 eis
619 2531 804 2599 disseruntur,
819 2531 930 2608 quibus,
945 2550 992 2608 qu
1000 2530 1010 2587 i
1019 2551 1034 2588 c
1043 2551 1062 2607 q
1070 2531 1134 2588 uid
1154 2531 1219 2588 ho-

284 2628 407 2681 testum
427 2629 496 2689 est,
516 2622 617 2681 idem
636 2622 738 2680 utile
758 2621 880 2689 videtur,
901 2641 971 2680 nec
991 2622 1092 2679 utile
1112 2621 1219 2698 quic-

284 2722 378 2782 1uam,
399 2712 501 2790 quod
526 2731 599 2770 non
621 2712 849 2780 honestum;
876 2731 962 2789 quam
987 2712 1024 2770 ab
1048 2711 1090 2779 iis,
1117 2711 1220 2788 quibus

284 2804 313 2855 tut
321 2800 470 2860 honestum
483 2802 588 2879 aliquid
602 2821 660 2860 non
670 2802 747 2870 utile,
755 2804 809 2859 ¹aut
819 2802 888 2860 utile
897 2821 954 2859 non
964 2803 1124 2859 honestum.
1160 2802 1219 2859 No
1236 2806 1271 2858 16

284 2884 408 2950 mmmm
420 2898 519 2950 nostra
532 2891 691 2950 Academia
704 2911 839 2970 magnam
852 2892 993 2951 licentiam
1008 2891 1067 2959 dat,
1081 2897 1115 2948 ut
1129 2891 1219 2967 quod·

284 2991 366 3076 :taque
378 2982 503 3040 maxime
516 2982 663 3059 probabile
677 2988 815 3049 occurrat,
831 2982 862 3039 id
881 2990 979 3039 nostro
989 2981 1055 3058 jure
1073 2981 1156 3037 liceat
1169 2979 1219 3036 de·

284 3069 380 3130 endere.
422 3071 482 3130 Sed
494 3071 581 3130 redeo
594 3072 632 3129 ad
645 3072 806 3131 formulam.

303 3246 334 3309 V.
352 3252 512 3310 Detrahere
524 3252 611 3331 igitur
624 3251 705 3310 alteri
717 3251 832 3329 aliquid,
848 3258 878 3310 et
890 3251 1034 3309 hominem
1047 3249 1166 3308 hominis
1178 3249 1220 3307 iu·

284 3342 407 3415 ammodo
426 3361 512 3400 suum
531 3361 636 3421 augere
658 3343 850 3410 commodum,
864 3341 955 3420 magis
969 3349 1013 3399 est
1027 3347 1124 3401 contra
1137 3356 1219 3397 natu-

284 3441 328 3498 am,
341 3451 426 3509 quam
439 3451 525 3499 mors,
537 3451 623 3510 quam
636 3441 799 3509 paupertas,
811 3452 898 3509 quam
913 3432 1001 3500 dolor,
1017 3451 1104 3509 quam
1117 3437 1219 3499 cetera,

284 3530 325 3588 {aa
335 3529 453 3597 possunt
467 3530 518 3579 aut
537 3522 648 3598 corpori
662 3522 789 3579 accidere
804 3530 855 3579 aut
868 3523 954 3581 rebus
968 3521 1099 3579 externis.
1141 3521 1218 3578 Nam
1234 3531 1251 3578 ‘l

284 3605 392 3688 triucipio
399 3611 475 3668 tollit
485 3611 644 3669 convictum
654 3612 811 3668 humanum
821 3618 850 3668 et
861 3612 1032 3669 societatem.
1055 3611 1086 3669 Si
1096 3611 1170 3669 euim
1181 3613 1220 3670 sic

284 3693 360 3756 timus
379 3700 482 3768 affecti,
497 3707 531 3758 ut
551 3708 669 3778 propter
687 3720 771 3757 suum
785 3701 905 3778 quisque
919 3702 1141 3759 emolumentum
1155 3720 1219 3779 spo·

284 3777 365 3846 ittaut
374 3788 461 3848 violet
472 3790 602 3858 alterum,
614 3790 739 3867 dirumpi
751 3808 869 3848 necesse
883 3797 927 3848 est
940 3810 1013 3859 eam,
1025 3810 1090 3869 quae
1100 3792 1220 3849 maxime

284 3878 310 3931 *i
322 3879 476 3938 secundum
494 3887 635 3947 naturam,
650 3880 767 3938 humaui
786 3880 898 3959 generis
918 3880 1090 3939 societatem.
1132 3881 1182 3948 Ut,
1196 3880 1220 3937 si
1235 3887 1251 3936 3

284 3968 480 4048 umquodque
492 3970 652 4028 membrum
665 3989 780 4028 sensum
792 3971 869 4028 huuc
883 3971 1011 4038 haberet,
1022 3977 1056 4028 ut
1068 3987 1153 4048 posse
1166 3988 1219 4047 pu·
1246 4027 1249 4033 ,
