<?xml version="1.0" encoding="UTF-8"?>
<!DOCTYPE html PUBLIC "-//W3C//DTD XHTML 1.0 Transitional//EN"
    "http://www.w3.org/TR/xhtml1/DTD/xhtml1-transitional.dtd">
<html xmlns="http://www.w3.org/1999/xhtml" xml:lang="en" lang="en">
 <head>
  <title>
</title>
<meta http-equiv="Content-Type" content="text/html;charset=utf-8" />
  <meta name='ocr-system' content='tesseract 3.04.00' />
  <meta name='ocr-capabilities' content='ocr_page ocr_carea ocr_par ocr_line ocrx_word'/>
</head>
<body>
  <div class='ocr_page' id='page_1' title='image "./mtulliiciceroni00thacgoog_0100.png"; bbox 0 0 3259 4775; ppageno 0'>
   <div class='ocr_carea' id='block_1_1' title="bbox 388 584 980 637">
    <p class='ocr_par' dir='ltr' id='par_1_1' title="bbox 388 584 980 637">
     <span class='ocr_line' id='line_1_1' title="bbox 388 584 980 637; baseline -0.005 0"><span class='ocrx_word' id='word_1_1' title='bbox 388 584 426 637; x_wconf 79' lang='grc'>91</span> <span class='ocrx_word' id='word_1_2' title='bbox 802 596 840 635; x_wconf 83' lang='lat' dir='ltr'>nu</span> <span class='ocrx_word' id='word_1_3' title='bbox 855 595 980 636; x_wconf 80' lang='lat' dir='ltr'>ormena</span> 
     </span>
    </p>
   </div>
   <div class='ocr_carea' id='block_1_2' title="bbox 439 725 1397 1077">
    <p class='ocr_par' dir='ltr' id='par_1_2' title="bbox 439 725 1397 1077">
     <span class='ocr_line' id='line_1_2' title="bbox 440 725 1371 803; baseline 0.002 -20"><span class='ocrx_word' id='word_1_4' title='bbox 440 733 514 784; x_wconf 88' lang='lat' dir='ltr'>taret</span> <span class='ocrx_word' id='word_1_5' title='bbox 534 746 564 785; x_wconf 89' lang='lat' dir='ltr'>se</span> <span class='ocrx_word' id='word_1_6' title='bbox 578 727 680 794; x_wconf 88' lang='lat' dir='ltr'>valere,</span> <span class='ocrx_word' id='word_1_7' title='bbox 696 727 719 784; x_wconf 89' lang='lat' dir='ltr'>si</span> <span class='ocrx_word' id='word_1_8' title='bbox 740 726 860 803; x_wconf 84' lang='lat' dir='ltr'><strong>proximi</strong></span> <span class='ocrx_word' id='word_1_9' title='bbox 879 726 1001 784; x_wconf 85' lang='lat' dir='ltr'>membri</span> <span class='ocrx_word' id='word_1_10' title='bbox 1020 725 1215 785; x_wconf 86' lang='lat' dir='ltr'>valetudinem</span> <span class='ocrx_word' id='word_1_11' title='bbox 1235 728 1272 785; x_wconf 88' lang='lat' dir='ltr'>ad</span> <span class='ocrx_word' id='word_1_12' title='bbox 1291 748 1320 785; x_wconf 88' lang='lat' dir='ltr'>se</span> <span class='ocrx_word' id='word_1_13' title='bbox 1334 732 1371 784; x_wconf 75' lang='lat' dir='ltr'>tu</span> 
     </span>
     <span class='ocr_line' id='line_1_3' title="bbox 440 815 1373 894; baseline 0.001 -20"><span class='ocrx_word' id='word_1_14' title='bbox 440 816 576 885; x_wconf 85' lang='lat' dir='ltr'>duxisset,</span> <span class='ocrx_word' id='word_1_15' title='bbox 588 816 726 874; x_wconf 84' lang='lat' dir='ltr'>debilitari</span> <span class='ocrx_word' id='word_1_16' title='bbox 736 823 766 874; x_wconf 90' lang='lat' dir='ltr'>et</span> <span class='ocrx_word' id='word_1_17' title='bbox 775 817 888 874; x_wconf 90' lang='lat' dir='ltr'>interire</span> <span class='ocrx_word' id='word_1_18' title='bbox 899 823 995 875; x_wconf 89' lang='lat' dir='ltr'>totum</span> <span class='ocrx_word' id='word_1_19' title='bbox 1005 835 1110 894; x_wconf 87' lang='lat' dir='ltr'>corpus</span> <span class='ocrx_word' id='word_1_20' title='bbox 1120 835 1238 876; x_wconf 83' lang='lat' dir='ltr'>necesse</span> <span class='ocrx_word' id='word_1_21' title='bbox 1248 815 1373 888; x_wconf 64' lang='lat' dir='ltr'>essentia</span> 
     </span>
     <span class='ocr_line' id='line_1_4' title="bbox 440 906 1375 984; baseline 0.002 -20"><span class='ocrx_word' id='word_1_22' title='bbox 440 906 463 964; x_wconf 83' lang='lat' dir='ltr'>si</span> <span class='ocrx_word' id='word_1_23' title='bbox 476 926 550 964; x_wconf 89' lang='lat' dir='ltr'>unus</span> <span class='ocrx_word' id='word_1_24' title='bbox 563 907 682 984; x_wconf 90' lang='lat' dir='ltr'>quisque</span> <span class='ocrx_word' id='word_1_25' title='bbox 695 914 823 965; x_wconf 86' lang='lat' dir='ltr'>nostrum</span> <span class='ocrx_word' id='word_1_26' title='bbox 836 906 874 964; x_wconf 93' lang='lat' dir='ltr'>ad</span> <span class='ocrx_word' id='word_1_27' title='bbox 888 926 918 964; x_wconf 89' lang='lat' dir='ltr'>se</span> <span class='ocrx_word' id='word_1_28' title='bbox 931 907 1025 984; x_wconf 89' lang='lat' dir='ltr'>rapiat</span> <span class='ocrx_word' id='word_1_29' title='bbox 1043 908 1196 965; x_wconf 88' lang='lat' dir='ltr'>commoda</span> <span class='ocrx_word' id='word_1_30' title='bbox 1210 908 1332 977; x_wconf 86' lang='lat' dir='ltr'>aliorum,</span> <span class='ocrx_word' id='word_1_31' title='bbox 1342 906 1375 966; x_wconf 79' lang='lat' dir='ltr'>dn·</span> 
     </span>
     <span class='ocr_line' id='line_1_5' title="bbox 439 997 1397 1077; baseline 0.004 -24"><span class='ocrx_word' id='word_1_32' title='bbox 439 997 590 1074; x_wconf 81' lang='lat' dir='ltr'><strong>trahatque</strong></span> <span class='ocrx_word' id='word_1_33' title='bbox 600 997 677 1074; x_wconf 92' lang='lat' dir='ltr'>quod</span> <span class='ocrx_word' id='word_1_34' title='bbox 691 998 792 1075; x_wconf 90' lang='lat' dir='ltr'>cuique</span> <span class='ocrx_word' id='word_1_35' title='bbox 806 998 904 1075; x_wconf 81' lang='lat' dir='ltr'>possit,</span> <span class='ocrx_word' id='word_1_36' title='bbox 916 998 1098 1055; x_wconf 81' lang='lat' dir='ltr'>emolumenti</span> <span class='ocrx_word' id='word_1_37' title='bbox 1112 998 1156 1056; x_wconf 83' lang='lat' dir='ltr'>sui</span> <span class='ocrx_word' id='word_1_38' title='bbox 1169 1000 1273 1077; x_wconf 85' lang='lat' dir='ltr'>gratia,</span> <span class='ocrx_word' id='word_1_39' title='bbox 1283 998 1377 1057; x_wconf 63' lang='lat' dir='ltr'>socia!</span> <span class='ocrx_word' id='word_1_40' title='bbox 1395 1029 1397 1034; x_wconf 96' lang='lat'>·</span> 
     </span>
    </p>
   </div>
   <div class='ocr_carea' id='block_1_3' title="bbox 300 1087 1379 1149">
    <p class='ocr_par' dir='ltr' id='par_1_3' title="bbox 300 1087 1379 1149">
     <span class='ocr_line' id='line_1_6' title="bbox 300 1087 1379 1149; baseline -0.003 0"><span class='ocrx_word' id='word_1_41' title='bbox 300 1144 303 1149; x_wconf 91' lang='lat'>.</span> <span class='ocrx_word' id='word_1_42' title='bbox 407 1087 583 1146; x_wconf 80' lang='lat' dir='ltr'>thominum</span> <span class='ocrx_word' id='word_1_43' title='bbox 597 1096 626 1147; x_wconf 91' lang='lat' dir='ltr'>et</span> <span class='ocrx_word' id='word_1_44' title='bbox 640 1089 827 1147; x_wconf 89' lang='lat' dir='ltr'>communitas</span> <span class='ocrx_word' id='word_1_45' title='bbox 841 1094 1112 1146; x_wconf 84' lang='lat' dir='ltr'>evertaturnecesse</span> <span class='ocrx_word' id='word_1_46' title='bbox 1126 1097 1177 1147; x_wconf 83' lang='lat' dir='ltr'>est.</span> <span class='ocrx_word' id='word_1_47' title='bbox 1214 1089 1292 1147; x_wconf 85' lang='lat' dir='ltr'>Nam</span> <span class='ocrx_word' id='word_1_48' title='bbox 1304 1088 1379 1148; x_wconf 76' lang='lat' dir='ltr'>siun</span> 
     </span>
    </p>
   </div>
   <div class='ocr_carea' id='block_1_4' title="bbox 383 1177 1421 4051">
    <p class='ocr_par' dir='ltr' id='par_1_4' title="bbox 383 1177 1421 4051">
     <span class='ocr_line' id='line_1_7' title="bbox 439 1177 1379 1256; baseline 0.003 -21"><span class='ocrx_word' id='word_1_49' title='bbox 439 1177 559 1255; x_wconf 88' lang='lat' dir='ltr'>quisque</span> <span class='ocrx_word' id='word_1_50' title='bbox 572 1179 660 1247; x_wconf 90' lang='lat' dir='ltr'>malit,</span> <span class='ocrx_word' id='word_1_51' title='bbox 674 1178 752 1256; x_wconf 94' lang='lat' dir='ltr'>quod</span> <span class='ocrx_word' id='word_1_52' title='bbox 766 1178 803 1235; x_wconf 95' lang='lat' dir='ltr'>ad</span> <span class='ocrx_word' id='word_1_53' title='bbox 818 1197 903 1235; x_wconf 90' lang='lat' dir='ltr'>usum</span> <span class='ocrx_word' id='word_1_54' title='bbox 916 1179 983 1235; x_wconf 71' lang='lat' dir='ltr'>vitae</span> <span class='ocrx_word' id='word_1_55' title='bbox 997 1179 1145 1256; x_wconf 82' lang='lat' dir='ltr'>pertineat,</span> <span class='ocrx_word' id='word_1_56' title='bbox 1159 1198 1249 1256; x_wconf 88' lang='lat' dir='ltr'>quam</span> <span class='ocrx_word' id='word_1_57' title='bbox 1262 1180 1339 1238; x_wconf 86' lang='lat' dir='ltr'>alteri</span> <span class='ocrx_word' id='word_1_58' title='bbox 1347 1197 1379 1238; x_wconf 79' lang='lat' dir='ltr'>aa·</span> 
     </span>
     <span class='ocr_line' id='line_1_8' title="bbox 439 1268 1381 1347; baseline 0.003 -22"><span class='ocrx_word' id='word_1_59' title='bbox 439 1268 557 1345; x_wconf 75' lang='lat' dir='ltr'>quirem,</span> <span class='ocrx_word' id='word_1_60' title='bbox 573 1288 739 1327; x_wconf 90' lang='lat' dir='ltr'>concessum</span> <span class='ocrx_word' id='word_1_61' title='bbox 751 1276 803 1336; x_wconf 91' lang='lat' dir='ltr'>est,</span> <span class='ocrx_word' id='word_1_62' title='bbox 814 1287 871 1325; x_wconf 92' lang='lat' dir='ltr'>non</span> <span class='ocrx_word' id='word_1_63' title='bbox 884 1275 1062 1347; x_wconf 83' lang='lat' dir='ltr'>repugnante</span> <span class='ocrx_word' id='word_1_64' title='bbox 1074 1275 1195 1327; x_wconf 88' lang='lat' dir='ltr'>natura:</span> <span class='ocrx_word' id='word_1_65' title='bbox 1217 1269 1289 1328; x_wconf 91' lang='lat' dir='ltr'>illud</span> <span class='ocrx_word' id='word_1_66' title='bbox 1301 1276 1381 1328; x_wconf 71' lang='lat' dir='ltr'>natur</span> 
     </span>
     <span class='ocr_line' id='line_1_9' title="bbox 439 1357 1389 1437; baseline 0.005 -23"><span class='ocrx_word' id='word_1_67' title='bbox 439 1375 496 1414; x_wconf 92' lang='lat' dir='ltr'>non</span> <span class='ocrx_word' id='word_1_68' title='bbox 507 1358 622 1434; x_wconf 90' lang='lat' dir='ltr'>patitur,</span> <span class='ocrx_word' id='word_1_69' title='bbox 633 1366 666 1415; x_wconf 91' lang='lat' dir='ltr'>ut</span> <span class='ocrx_word' id='word_1_70' title='bbox 676 1358 795 1416; x_wconf 89' lang='lat' dir='ltr'>aliorum</span> <span class='ocrx_word' id='word_1_71' title='bbox 806 1357 901 1435; x_wconf 88' lang='lat' dir='ltr'>spoliis</span> <span class='ocrx_word' id='word_1_72' title='bbox 915 1365 1026 1415; x_wconf 88' lang='lat' dir='ltr'>nostras</span> <span class='ocrx_word' id='word_1_73' title='bbox 1041 1359 1201 1427; x_wconf 84' lang='lat' dir='ltr'>facultates,</span> <span class='ocrx_word' id='word_1_74' title='bbox 1216 1360 1389 1437; x_wconf 70' lang='grc'>111111111-</span> 
     </span>
     <span class='ocr_line' id='line_1_10' title="bbox 407 1448 1381 1529; baseline 0.004 -24"><span class='ocrx_word' id='word_1_75' title='bbox 407 1455 424 1505; x_wconf 84' lang='lat'>5</span> <span class='ocrx_word' id='word_1_76' title='bbox 439 1465 603 1524; x_wconf 82' lang='lat' dir='ltr'>augeamus.</span> <span class='ocrx_word' id='word_1_77' title='bbox 647 1448 749 1524; x_wconf 85' lang='lat' dir='ltr'>Neque</span> <span class='ocrx_word' id='word_1_78' title='bbox 762 1468 830 1506; x_wconf 87' lang='lat' dir='ltr'>vero</span> <span class='ocrx_word' id='word_1_79' title='bbox 840 1448 895 1506; x_wconf 92' lang='lat' dir='ltr'>hoc</span> <span class='ocrx_word' id='word_1_80' title='bbox 909 1448 1002 1506; x_wconf 87' lang='lat' dir='ltr'>solum</span> <span class='ocrx_word' id='word_1_81' title='bbox 1015 1454 1126 1517; x_wconf 88' lang='lat' dir='ltr'>natura,</span> <span class='ocrx_word' id='word_1_82' title='bbox 1140 1448 1169 1506; x_wconf 96' lang='lat' dir='ltr'>id</span> <span class='ocrx_word' id='word_1_83' title='bbox 1191 1456 1237 1507; x_wconf 85' lang='lat' dir='ltr'>est</span> <span class='ocrx_word' id='word_1_84' title='bbox 1255 1450 1320 1527; x_wconf 89' lang='lat' dir='ltr'>jure</span> <span class='ocrx_word' id='word_1_85' title='bbox 1331 1467 1381 1529; x_wconf 77' lang='lat' dir='ltr'>gen</span> 
     </span>
     <span class='ocr_line' id='line_1_11' title="bbox 439 1535 1381 1617; baseline 0.006 -26"><span class='ocrx_word' id='word_1_86' title='bbox 439 1535 517 1603; x_wconf 90' lang='lat' dir='ltr'>tium,</span> <span class='ocrx_word' id='word_1_87' title='bbox 532 1536 583 1593; x_wconf 90' lang='lat' dir='ltr'>sed</span> <span class='ocrx_word' id='word_1_88' title='bbox 597 1536 681 1593; x_wconf 89' lang='lat' dir='ltr'>etiam</span> <span class='ocrx_word' id='word_1_89' title='bbox 695 1537 805 1615; x_wconf 84' lang='lat' dir='ltr'>legibus</span> <span class='ocrx_word' id='word_1_90' title='bbox 820 1538 1001 1615; x_wconf 92' lang='lat' dir='ltr'>populorum,</span> <span class='ocrx_word' id='word_1_91' title='bbox 1015 1538 1118 1615; x_wconf 88' lang='lat' dir='ltr'>quibus</span> <span class='ocrx_word' id='word_1_92' title='bbox 1132 1539 1160 1596; x_wconf 92' lang='lat' dir='ltr'>in</span> <span class='ocrx_word' id='word_1_93' title='bbox 1174 1540 1293 1617; x_wconf 87' lang='lat' dir='ltr'>singulis</span> <span class='ocrx_word' id='word_1_94' title='bbox 1306 1540 1381 1599; x_wconf 68' lang='lat' dir='ltr'>cirita</span> 
     </span>
     <span class='ocr_line' id='line_1_12' title="bbox 438 1624 1402 1702; baseline 0.008 -21"><span class='ocrx_word' id='word_1_95' title='bbox 438 1624 514 1682; x_wconf 88' lang='lat' dir='ltr'>tibus</span> <span class='ocrx_word' id='word_1_96' title='bbox 528 1644 573 1682; x_wconf 92' lang='lat' dir='ltr'>rcs</span> <span class='ocrx_word' id='word_1_97' title='bbox 587 1626 701 1702; x_wconf 92' lang='lat' dir='ltr'>publica</span> <span class='ocrx_word' id='word_1_98' title='bbox 715 1627 883 1694; x_wconf 83' lang='lat' dir='ltr'>continetur,</span> <span class='ocrx_word' id='word_1_99' title='bbox 896 1627 996 1685; x_wconf 88' lang='lat' dir='ltr'>eodem</span> <span class='ocrx_word' id='word_1_100' title='bbox 1010 1627 1097 1685; x_wconf 92' lang='lat' dir='ltr'>modo</span> <span class='ocrx_word' id='word_1_101' title='bbox 1107 1630 1295 1688; x_wconf 87' lang='lat' dir='ltr'>constitutum</span> <span class='ocrx_word' id='word_1_102' title='bbox 1306 1633 1381 1698; x_wconf 75' lang='lat' dir='ltr'>estut</span> <span class='ocrx_word' id='word_1_103' title='bbox 1399 1681 1402 1688; x_wconf 93' lang='grc'><em>,</em></span> 
     </span>
     <span class='ocr_line' id='line_1_13' title="bbox 406 1714 1381 1804; baseline 0.006 -31"><span class='ocrx_word' id='word_1_104' title='bbox 406 1721 423 1773; x_wconf 86' lang='grc'>6</span> <span class='ocrx_word' id='word_1_105' title='bbox 438 1734 494 1772; x_wconf 84' lang='grc'>101</span> <span class='ocrx_word' id='word_1_106' title='bbox 508 1714 591 1773; x_wconf 89' lang='lat' dir='ltr'>liceat</span> <span class='ocrx_word' id='word_1_107' title='bbox 604 1716 648 1773; x_wconf 89' lang='lat' dir='ltr'>sui</span> <span class='ocrx_word' id='word_1_108' title='bbox 661 1717 804 1775; x_wconf 93' lang='lat' dir='ltr'>commodi</span> <span class='ocrx_word' id='word_1_109' title='bbox 823 1736 910 1775; x_wconf 88' lang='lat' dir='ltr'>causa</span> <span class='ocrx_word' id='word_1_110' title='bbox 922 1736 1025 1775; x_wconf 86' lang='lat' dir='ltr'>nocere</span> <span class='ocrx_word' id='word_1_111' title='bbox 1038 1718 1127 1776; x_wconf 89' lang='lat' dir='ltr'>alteri.</span> <span class='ocrx_word' id='word_1_112' title='bbox 1169 1718 1235 1777; x_wconf 94' lang='lat' dir='ltr'>Hoc</span> <span class='ocrx_word' id='word_1_113' title='bbox 1249 1720 1323 1778; x_wconf 89' lang='lat' dir='ltr'>enim</span> <span class='ocrx_word' id='word_1_114' title='bbox 1333 1735 1381 1804; x_wconf 71' lang='lat' dir='ltr'>apt-</span> 
     </span>
     <span class='ocr_line' id='line_1_14' title="bbox 438 1805 1402 1887; baseline 0.003 -24"><span class='ocrx_word' id='word_1_115' title='bbox 438 1811 515 1863; x_wconf 89' lang='lat' dir='ltr'>ctant</span> <span class='ocrx_word' id='word_1_116' title='bbox 524 1805 610 1883; x_wconf 85' lang='lat' dir='ltr'>leges,</span> <span class='ocrx_word' id='word_1_117' title='bbox 618 1805 672 1864; x_wconf 91' lang='lat' dir='ltr'>hoc</span> <span class='ocrx_word' id='word_1_118' title='bbox 678 1808 785 1875; x_wconf 85' lang='lat' dir='ltr'>volunt,</span> <span class='ocrx_word' id='word_1_119' title='bbox 796 1807 966 1864; x_wconf 86' lang='lat' dir='ltr'>ineolumem</span> <span class='ocrx_word' id='word_1_120' title='bbox 978 1826 1040 1865; x_wconf 87' lang='lat' dir='ltr'>esse</span> <span class='ocrx_word' id='word_1_121' title='bbox 1051 1808 1152 1865; x_wconf 81' lang='lat' dir='ltr'>civium</span> <span class='ocrx_word' id='word_1_122' title='bbox 1160 1809 1402 1887; x_wconf 74' lang='lat' dir='ltr'>conjunctioneat-?</span> 
     </span>
     <span class='ocr_line' id='line_1_15' title="bbox 437 1895 1384 1973; baseline 0.007 -21"><span class='ocrx_word' id='word_1_123' title='bbox 437 1914 524 1973; x_wconf 89' lang='lat' dir='ltr'>quam</span> <span class='ocrx_word' id='word_1_124' title='bbox 535 1895 583 1971; x_wconf 90' lang='lat' dir='ltr'>qui</span> <span class='ocrx_word' id='word_1_125' title='bbox 593 1896 735 1965; x_wconf 90' lang='lat' dir='ltr'>dirimunt,</span> <span class='ocrx_word' id='word_1_126' title='bbox 747 1916 795 1955; x_wconf 91' lang='lat' dir='ltr'>eos</span> <span class='ocrx_word' id='word_1_127' title='bbox 809 1903 909 1964; x_wconf 92' lang='lat' dir='ltr'>morte,</span> <span class='ocrx_word' id='word_1_128' title='bbox 920 1897 1012 1965; x_wconf 89' lang='lat' dir='ltr'>exilio,</span> <span class='ocrx_word' id='word_1_129' title='bbox 1023 1897 1129 1965; x_wconf 90' lang='lat' dir='ltr'>vinclis,</span> <span class='ocrx_word' id='word_1_130' title='bbox 1141 1897 1252 1957; x_wconf 90' lang='lat' dir='ltr'>damno</span> <span class='ocrx_word' id='word_1_131' title='bbox 1262 1895 1384 1958; x_wconf 63' lang='lat' dir='ltr'>caeream·</span> 
     </span>
     <span class='ocr_line' id='line_1_16' title="bbox 406 1976 1382 2067; baseline 0.003 -23"><span class='ocrx_word' id='word_1_132' title='bbox 406 1985 536 2063; x_wconf 65' lang='lat' dir='ltr'>*lAtque</span> <span class='ocrx_word' id='word_1_133' title='bbox 559 1986 613 2043; x_wconf 93' lang='lat' dir='ltr'>hoc</span> <span class='ocrx_word' id='word_1_134' title='bbox 634 1988 725 2045; x_wconf 93' lang='lat' dir='ltr'>multo</span> <span class='ocrx_word' id='word_1_135' title='bbox 745 1987 839 2065; x_wconf 85' lang='lat' dir='ltr'>magis</span> <span class='ocrx_word' id='word_1_136' title='bbox 860 1987 945 2044; x_wconf 90' lang='lat' dir='ltr'>efficit</span> <span class='ocrx_word' id='word_1_137' title='bbox 964 1987 1027 2063; x_wconf 91' lang='lat' dir='ltr'>ipsa</span> <span class='ocrx_word' id='word_1_138' title='bbox 1046 1994 1157 2045; x_wconf 85' lang='lat' dir='ltr'>naturae</span> <span class='ocrx_word' id='word_1_139' title='bbox 1175 1976 1258 2058; x_wconf 84' lang='lat' dir='ltr'>ratio,</span> <span class='ocrx_word' id='word_1_140' title='bbox 1273 2008 1335 2067; x_wconf 78' lang='lat' dir='ltr'>qna</span> <span class='ocrx_word' id='word_1_141' title='bbox 1349 1992 1382 2046; x_wconf 76' lang='lat' dir='ltr'>at</span> 
     </span>
     <span class='ocr_line' id='line_1_17' title="bbox 436 2075 1380 2157; baseline 0.007 -25"><span class='ocrx_word' id='word_1_142' title='bbox 436 2075 483 2133; x_wconf 86' lang='lat' dir='ltr'>lex</span> <span class='ocrx_word' id='word_1_143' title='bbox 496 2077 590 2135; x_wconf 87' lang='lat' dir='ltr'>divina</span> <span class='ocrx_word' id='word_1_144' title='bbox 604 2084 633 2134; x_wconf 91' lang='lat' dir='ltr'>et</span> <span class='ocrx_word' id='word_1_145' title='bbox 646 2078 778 2143; x_wconf 90' lang='lat' dir='ltr'>humana,</span> <span class='ocrx_word' id='word_1_146' title='bbox 794 2077 840 2134; x_wconf 93' lang='lat' dir='ltr'>cui</span> <span class='ocrx_word' id='word_1_147' title='bbox 853 2096 952 2153; x_wconf 89' lang='lat' dir='ltr'>parere</span> <span class='ocrx_word' id='word_1_148' title='bbox 966 2077 1016 2154; x_wconf 95' lang='lat' dir='ltr'>qui</span> <span class='ocrx_word' id='word_1_149' title='bbox 1029 2077 1097 2135; x_wconf 91' lang='lat' dir='ltr'>velit</span> <span class='ocrx_word' id='word_1_150' title='bbox 1112 2075 1224 2156; x_wconf 86' lang='lat' dir='ltr'>(omnes</span> <span class='ocrx_word' id='word_1_151' title='bbox 1238 2087 1332 2139; x_wconf 85' lang='lat' dir='ltr'>autem</span> <span class='ocrx_word' id='word_1_152' title='bbox 1343 2097 1380 2157; x_wconf 75' lang='lat' dir='ltr'>pn·</span> 
     </span>
     <span class='ocr_line' id='line_1_18' title="bbox 437 2165 1380 2247; baseline 0.003 -24"><span class='ocrx_word' id='word_1_153' title='bbox 437 2167 548 2234; x_wconf 91' lang='lat' dir='ltr'>rebunt,</span> <span class='ocrx_word' id='word_1_154' title='bbox 563 2167 611 2243; x_wconf 92' lang='lat' dir='ltr'>qui</span> <span class='ocrx_word' id='word_1_155' title='bbox 625 2167 782 2224; x_wconf 90' lang='lat' dir='ltr'>secundum</span> <span class='ocrx_word' id='word_1_156' title='bbox 795 2174 927 2224; x_wconf 90' lang='lat' dir='ltr'>naturam</span> <span class='ocrx_word' id='word_1_157' title='bbox 935 2168 1032 2225; x_wconf 84' lang='lat' dir='ltr'>volent</span> <span class='ocrx_word' id='word_1_158' title='bbox 1043 2165 1148 2246; x_wconf 86' lang='lat' dir='ltr'>vivere)</span> <span class='ocrx_word' id='word_1_159' title='bbox 1163 2188 1309 2247; x_wconf 88' lang='lat' dir='ltr'>nunquam</span> <span class='ocrx_word' id='word_1_160' title='bbox 1322 2187 1380 2228; x_wconf 88' lang='lat' dir='ltr'>com·</span> 
     </span>
     <span class='ocr_line' id='line_1_19' title="bbox 436 2255 1381 2334; baseline 0.003 -21"><span class='ocrx_word' id='word_1_161' title='bbox 436 2255 538 2323; x_wconf 91' lang='lat' dir='ltr'>mittet,</span> <span class='ocrx_word' id='word_1_162' title='bbox 553 2265 586 2314; x_wconf 91' lang='lat' dir='ltr'>ut</span> <span class='ocrx_word' id='word_1_163' title='bbox 605 2257 727 2314; x_wconf 91' lang='lat' dir='ltr'>alienum</span> <span class='ocrx_word' id='word_1_164' title='bbox 748 2262 874 2333; x_wconf 88' lang='lat' dir='ltr'>appetat,</span> <span class='ocrx_word' id='word_1_165' title='bbox 890 2263 920 2315; x_wconf 91' lang='lat' dir='ltr'>et</span> <span class='ocrx_word' id='word_1_166' title='bbox 933 2257 970 2324; x_wconf 94' lang='lat' dir='ltr'>id,</span> <span class='ocrx_word' id='word_1_167' title='bbox 986 2258 1064 2334; x_wconf 92' lang='lat' dir='ltr'>quod</span> <span class='ocrx_word' id='word_1_168' title='bbox 1076 2257 1157 2315; x_wconf 89' lang='lat' dir='ltr'>alteri</span> <span class='ocrx_word' id='word_1_169' title='bbox 1171 2258 1330 2327; x_wconf 83' lang='lat' dir='ltr'>detraxerit,</span> <span class='ocrx_word' id='word_1_170' title='bbox 1342 2256 1381 2317; x_wconf 80' lang='lat' dir='ltr'>sili</span> 
     </span>
     <span class='ocr_line' id='line_1_20' title="bbox 405 2346 1380 2425; baseline 0.005 -22"><span class='ocrx_word' id='word_1_171' title='bbox 405 2350 422 2403; x_wconf 84' lang='lat'>8</span> <span class='ocrx_word' id='word_1_172' title='bbox 437 2352 570 2404; x_wconf 87' lang='lat' dir='ltr'>assumat.</span> <span class='ocrx_word' id='word_1_173' title='bbox 605 2346 717 2405; x_wconf 86' lang='lat' dir='ltr'>Etenim</span> <span class='ocrx_word' id='word_1_174' title='bbox 731 2347 822 2404; x_wconf 89' lang='lat' dir='ltr'>multo</span> <span class='ocrx_word' id='word_1_175' title='bbox 836 2347 928 2425; x_wconf 85' lang='lat' dir='ltr'>magis</span> <span class='ocrx_word' id='word_1_176' title='bbox 938 2354 982 2406; x_wconf 91' lang='lat' dir='ltr'>est</span> <span class='ocrx_word' id='word_1_177' title='bbox 992 2347 1149 2406; x_wconf 88' lang='lat' dir='ltr'>secundum</span> <span class='ocrx_word' id='word_1_178' title='bbox 1163 2356 1296 2409; x_wconf 87' lang='lat' dir='ltr'>naturam</span> <span class='ocrx_word' id='word_1_179' title='bbox 1308 2347 1380 2410; x_wconf 76' lang='lat' dir='ltr'>excel·</span> 
     </span>
     <span class='ocr_line' id='line_1_21' title="bbox 436 2436 1405 2518; baseline 0.003 -26"><span class='ocrx_word' id='word_1_180' title='bbox 436 2436 504 2492; x_wconf 84' lang='lat' dir='ltr'>sitas</span> <span class='ocrx_word' id='word_1_181' title='bbox 518 2436 602 2493; x_wconf 92' lang='lat' dir='ltr'>animi</span> <span class='ocrx_word' id='word_1_182' title='bbox 616 2443 645 2494; x_wconf 91' lang='lat' dir='ltr'>et</span> <span class='ocrx_word' id='word_1_183' title='bbox 658 2437 833 2514; x_wconf 85' lang='lat' dir='ltr'>magnitude,</span> <span class='ocrx_word' id='word_1_184' title='bbox 849 2438 973 2516; x_wconf 89' lang='lat' dir='ltr'>itemque</span> <span class='ocrx_word' id='word_1_185' title='bbox 988 2440 1184 2509; x_wconf 83' lang='lat' dir='ltr'>communitas,</span> <span class='ocrx_word' id='word_1_186' title='bbox 1197 2442 1316 2518; x_wconf 87' lang='lat' dir='ltr'>justitia,</span> <span class='ocrx_word' id='word_1_187' title='bbox 1328 2441 1381 2499; x_wconf 82' lang='lat' dir='ltr'>libe</span> <span class='ocrx_word' id='word_1_188' title='bbox 1403 2490 1405 2495; x_wconf 91' lang='lat'>.</span> 
     </span>
     <span class='ocr_line' id='line_1_22' title="bbox 436 2526 1381 2609; baseline 0.005 -27"><span class='ocrx_word' id='word_1_189' title='bbox 436 2526 540 2593; x_wconf 90' lang='lat' dir='ltr'>ralitas,</span> <span class='ocrx_word' id='word_1_190' title='bbox 556 2545 642 2602; x_wconf 92' lang='lat' dir='ltr'>quam</span> <span class='ocrx_word' id='word_1_191' title='bbox 662 2528 803 2604; x_wconf 83' lang='lat' dir='ltr'>voluptas,</span> <span class='ocrx_word' id='word_1_192' title='bbox 824 2547 909 2604; x_wconf 85' lang='lat' dir='ltr'>quarn</span> <span class='ocrx_word' id='word_1_193' title='bbox 930 2530 998 2597; x_wconf 88' lang='lat' dir='ltr'>vita,</span> <span class='ocrx_word' id='word_1_194' title='bbox 1014 2548 1100 2603; x_wconf 86' lang='lat' dir='ltr'>quam</span> <span class='ocrx_word' id='word_1_195' title='bbox 1114 2529 1237 2588; x_wconf 86' lang='lat' dir='ltr'>divitiae:</span> <span class='ocrx_word' id='word_1_196' title='bbox 1259 2551 1323 2609; x_wconf 85' lang='lat' dir='ltr'>quae</span> <span class='ocrx_word' id='word_1_197' title='bbox 1334 2528 1381 2608; x_wconf 89' lang='lat' dir='ltr'>qui·</span> 
     </span>
     <span class='ocr_line' id='line_1_23' title="bbox 436 2615 1381 2697; baseline 0.004 -25"><span class='ocrx_word' id='word_1_198' title='bbox 436 2615 502 2672; x_wconf 93' lang='lat' dir='ltr'>dem</span> <span class='ocrx_word' id='word_1_199' title='bbox 517 2625 695 2674; x_wconf 76' lang='lat' dir='ltr'>contemnere</span> <span class='ocrx_word' id='word_1_200' title='bbox 709 2624 738 2674; x_wconf 92' lang='lat' dir='ltr'>et</span> <span class='ocrx_word' id='word_1_201' title='bbox 749 2635 805 2694; x_wconf 93' lang='lat' dir='ltr'>pro</span> <span class='ocrx_word' id='word_1_202' title='bbox 818 2619 904 2676; x_wconf 86' lang='lat' dir='ltr'>nihilo</span> <span class='ocrx_word' id='word_1_203' title='bbox 915 2618 1028 2687; x_wconf 90' lang='lat' dir='ltr'>ducere,</span> <span class='ocrx_word' id='word_1_204' title='bbox 1040 2628 1252 2697; x_wconf 74' lang='lat' dir='ltr'>comparantem</span> <span class='ocrx_word' id='word_1_205' title='bbox 1268 2642 1330 2680; x_wconf 92' lang='lat' dir='ltr'>cum</span> <span class='ocrx_word' id='word_1_206' title='bbox 1340 2618 1381 2678; x_wconf 88' lang='lat' dir='ltr'>uti·</span> 
     </span>
     <span class='ocr_line' id='line_1_24' title="bbox 404 2704 1382 2786; baseline 0.009 -25"><span class='ocrx_word' id='word_1_207' title='bbox 404 2710 421 2762; x_wconf 84' lang='grc'>9</span> <span class='ocrx_word' id='word_1_208' title='bbox 436 2704 515 2763; x_wconf 86' lang='lat' dir='ltr'>litate</span> <span class='ocrx_word' id='word_1_209' title='bbox 526 2708 676 2774; x_wconf 91' lang='lat' dir='ltr'>communi,</span> <span class='ocrx_word' id='word_1_210' title='bbox 687 2708 783 2786; x_wconf 86' lang='lat' dir='ltr'>magni</span> <span class='ocrx_word' id='word_1_211' title='bbox 794 2708 879 2766; x_wconf 90' lang='lat' dir='ltr'>animi</span> <span class='ocrx_word' id='word_1_212' title='bbox 889 2715 918 2766; x_wconf 91' lang='lat' dir='ltr'>et</span> <span class='ocrx_word' id='word_1_213' title='bbox 929 2710 1032 2768; x_wconf 84' lang='lat' dir='ltr'>excelsi</span> <span class='ocrx_word' id='word_1_214' title='bbox 1046 2717 1097 2770; x_wconf 89' lang='lat' dir='ltr'>est.</span> <span class='ocrx_word' id='word_1_215' title='bbox 1133 2711 1293 2770; x_wconf 86' lang='lat' dir='ltr'>Detrahere</span> <span class='ocrx_word' id='word_1_216' title='bbox 1303 2718 1382 2770; x_wconf 82' lang='lat' dir='ltr'>autem</span> 
     </span>
     <span class='ocr_line' id='line_1_25' title="bbox 436 2795 1382 2882; baseline 0.007 -30"><span class='ocrx_word' id='word_1_217' title='bbox 436 2795 472 2852; x_wconf 90' lang='lat' dir='ltr'>de</span> <span class='ocrx_word' id='word_1_218' title='bbox 483 2796 571 2855; x_wconf 91' lang='lat' dir='ltr'>altero</span> <span class='ocrx_word' id='word_1_219' title='bbox 582 2797 625 2854; x_wconf 89' lang='lat' dir='ltr'>sui</span> <span class='ocrx_word' id='word_1_220' title='bbox 640 2798 780 2855; x_wconf 90' lang='lat' dir='ltr'>commodi</span> <span class='ocrx_word' id='word_1_221' title='bbox 791 2817 885 2867; x_wconf 88' lang='lat' dir='ltr'>causa,</span> <span class='ocrx_word' id='word_1_222' title='bbox 897 2799 988 2878; x_wconf 87' lang='lat' dir='ltr'>magis</span> <span class='ocrx_word' id='word_1_223' title='bbox 998 2808 1042 2858; x_wconf 90' lang='lat' dir='ltr'>est</span> <span class='ocrx_word' id='word_1_224' title='bbox 1053 2807 1152 2882; x_wconf 83' lang='lat' dir='ltr'>contra</span> <span class='ocrx_word' id='word_1_225' title='bbox 1160 2808 1300 2870; x_wconf 85' lang='lat' dir='ltr'>naturam,</span> <span class='ocrx_word' id='word_1_226' title='bbox 1311 2817 1382 2880; x_wconf 84' lang='lat' dir='ltr'>quam</span> 
     </span>
     <span class='ocr_line' id='line_1_26' title="bbox 387 2887 1383 2968; baseline 0.004 -26"><span class='ocrx_word' id='word_1_227' title='bbox 387 2891 421 2942; x_wconf 93' lang='lat'>10</span> <span class='ocrx_word' id='word_1_228' title='bbox 435 2905 519 2955; x_wconf 91' lang='lat' dir='ltr'>mors,</span> <span class='ocrx_word' id='word_1_229' title='bbox 535 2906 621 2964; x_wconf 91' lang='lat' dir='ltr'>quam</span> <span class='ocrx_word' id='word_1_230' title='bbox 636 2887 725 2956; x_wconf 92' lang='lat' dir='ltr'>dolor,</span> <span class='ocrx_word' id='word_1_231' title='bbox 741 2907 827 2964; x_wconf 90' lang='lat' dir='ltr'>quam</span> <span class='ocrx_word' id='word_1_232' title='bbox 844 2895 937 2946; x_wconf 86' lang='lat' dir='ltr'>cetera</span> <span class='ocrx_word' id='word_1_233' title='bbox 958 2891 1069 2966; x_wconf 81' lang='lat' dir='ltr'>generis</span> <span class='ocrx_word' id='word_1_234' title='bbox 1088 2891 1225 2968; x_wconf 90' lang='lat' dir='ltr'>ejusdem.</span> <span class='ocrx_word' id='word_1_235' title='bbox 1268 2893 1383 2967; x_wconf 88' lang='lat' dir='ltr'>Itemque</span> 
     </span>
     <span class='ocr_line' id='line_1_27' title="bbox 434 2977 1412 3058; baseline 0.004 -25"><span class='ocrx_word' id='word_1_236' title='bbox 434 2977 525 3055; x_wconf 84' lang='lat' dir='ltr'>magis</span> <span class='ocrx_word' id='word_1_237' title='bbox 540 2985 583 3035; x_wconf 90' lang='lat' dir='ltr'>est</span> <span class='ocrx_word' id='word_1_238' title='bbox 597 2977 753 3036; x_wconf 90' lang='lat' dir='ltr'>secundum</span> <span class='ocrx_word' id='word_1_239' title='bbox 766 2985 906 3045; x_wconf 87' lang='lat' dir='ltr'>naturam,</span> <span class='ocrx_word' id='word_1_240' title='bbox 923 2998 975 3055; x_wconf 94' lang='lat' dir='ltr'>pro</span> <span class='ocrx_word' id='word_1_241' title='bbox 993 2981 1121 3038; x_wconf 90' lang='lat' dir='ltr'>omnibus</span> <span class='ocrx_word' id='word_1_242' title='bbox 1139 2981 1281 3058; x_wconf 83' lang='lat' dir='ltr'>gentibus,</span> <span class='ocrx_word' id='word_1_243' title='bbox 1297 2983 1320 3040; x_wconf 91' lang='lat' dir='ltr'>si</span> <span class='ocrx_word' id='word_1_244' title='bbox 1336 2977 1383 3039; x_wconf 83' lang='lat' dir='ltr'>lieri</span> <span class='ocrx_word' id='word_1_245' title='bbox 1410 2988 1412 2993; x_wconf 87' lang='lat'>&#39;</span> 
     </span>
     <span class='ocr_line' id='line_1_28' title="bbox 435 3067 1383 3148; baseline 0.006 -24"><span class='ocrx_word' id='word_1_246' title='bbox 435 3068 532 3145; x_wconf 88' lang='lat' dir='ltr'>possit,</span> <span class='ocrx_word' id='word_1_247' title='bbox 547 3068 744 3126; x_wconf 86' lang='lat' dir='ltr'>conservandis</span> <span class='ocrx_word' id='word_1_248' title='bbox 758 3074 808 3125; x_wconf 91' lang='lat' dir='ltr'>aut</span> <span class='ocrx_word' id='word_1_249' title='bbox 819 3067 953 3146; x_wconf 86' lang='lat' dir='ltr'>juvandis</span> <span class='ocrx_word' id='word_1_250' title='bbox 967 3069 1104 3127; x_wconf 86' lang='lat' dir='ltr'>maximos</span> <span class='ocrx_word' id='word_1_251' title='bbox 1118 3071 1230 3129; x_wconf 89' lang='lat' dir='ltr'>labores</span> <span class='ocrx_word' id='word_1_252' title='bbox 1241 3071 1383 3148; x_wconf 72' lang='lat' dir='ltr'>molestias-</span> 
     </span>
     <span class='ocr_line' id='line_1_29' title="bbox 436 3158 1383 3236; baseline 0.005 -23"><span class='ocrx_word' id='word_1_253' title='bbox 436 3176 490 3232; x_wconf 94' lang='lat' dir='ltr'>que</span> <span class='ocrx_word' id='word_1_254' title='bbox 515 3159 665 3234; x_wconf 91' lang='lat' dir='ltr'>suscipere,</span> <span class='ocrx_word' id='word_1_255' title='bbox 686 3158 844 3215; x_wconf 82' lang='lat' dir='ltr'>imitantem</span> <span class='ocrx_word' id='word_1_256' title='bbox 866 3158 1020 3216; x_wconf 89' lang='lat' dir='ltr'>Herculem</span> <span class='ocrx_word' id='word_1_257' title='bbox 1040 3159 1129 3228; x_wconf 91' lang='lat' dir='ltr'>illum,</span> <span class='ocrx_word' id='word_1_258' title='bbox 1144 3180 1230 3236; x_wconf 91' lang='lat' dir='ltr'>quem</span> <span class='ocrx_word' id='word_1_259' title='bbox 1251 3162 1383 3220; x_wconf 87' lang='lat' dir='ltr'>hominum</span> 
     </span>
     <span class='ocr_line' id='line_1_30' title="bbox 434 3243 1384 3315; baseline 0.013 -13"><span class='ocrx_word' id='word_1_260' title='bbox 434 3246 519 3314; x_wconf 88' lang='lat' dir='ltr'>fama,</span> <span class='ocrx_word' id='word_1_261' title='bbox 535 3247 733 3304; x_wconf 87' lang='lat' dir='ltr'>beneficiorum</span> <span class='ocrx_word' id='word_1_262' title='bbox 751 3265 869 3315; x_wconf 89' lang='lat' dir='ltr'>memor,</span> <span class='ocrx_word' id='word_1_263' title='bbox 884 3248 913 3305; x_wconf 93' lang='lat' dir='ltr'>in</span> <span class='ocrx_word' id='word_1_264' title='bbox 932 3243 1048 3306; x_wconf 91' lang='lat' dir='ltr'>concilio</span> <span class='ocrx_word' id='word_1_265' title='bbox 1067 3249 1225 3308; x_wconf 91' lang='lat' dir='ltr'>coelestium</span> <span class='ocrx_word' id='word_1_266' title='bbox 1239 3249 1384 3314; x_wconf 77' lang='lat' dir='ltr'>collocavit</span> 
     </span>
     <span class='ocr_line' id='line_1_31' title="bbox 435 3335 1421 3419; baseline 0.007 -27"><span class='ocrx_word' id='word_1_267' title='bbox 435 3355 522 3412; x_wconf 91' lang='lat' dir='ltr'>quam</span> <span class='ocrx_word' id='word_1_268' title='bbox 537 3336 632 3394; x_wconf 87' lang='lat' dir='ltr'>vivere</span> <span class='ocrx_word' id='word_1_269' title='bbox 647 3337 674 3392; x_wconf 93' lang='lat' dir='ltr'>in</span> <span class='ocrx_word' id='word_1_270' title='bbox 689 3335 847 3404; x_wconf 90' lang='lat' dir='ltr'>solitudine,</span> <span class='ocrx_word' id='word_1_271' title='bbox 862 3358 919 3396; x_wconf 90' lang='lat' dir='ltr'>non</span> <span class='ocrx_word' id='word_1_272' title='bbox 937 3338 1024 3396; x_wconf 93' lang='lat' dir='ltr'>modo</span> <span class='ocrx_word' id='word_1_273' title='bbox 1037 3339 1095 3397; x_wconf 84' lang='lat' dir='ltr'>aine</span> <span class='ocrx_word' id='word_1_274' title='bbox 1109 3339 1173 3396; x_wconf 83' lang='lat' dir='ltr'>ullis</span> <span class='ocrx_word' id='word_1_275' title='bbox 1186 3340 1330 3409; x_wconf 89' lang='lat' dir='ltr'>molestiis,</span> <span class='ocrx_word' id='word_1_276' title='bbox 1343 3335 1384 3398; x_wconf 80' lang='lat' dir='ltr'>sed</span> <span class='ocrx_word' id='word_1_277' title='bbox 1418 3348 1421 3419; x_wconf 71' lang='lat'>1</span> 
     </span>
     <span class='ocr_line' id='line_1_32' title="bbox 434 3424 1421 3508; baseline 0.007 -26"><span class='ocrx_word' id='word_1_278' title='bbox 434 3425 520 3482; x_wconf 91' lang='lat' dir='ltr'>etiam</span> <span class='ocrx_word' id='word_1_279' title='bbox 539 3426 568 3483; x_wconf 93' lang='lat' dir='ltr'>in</span> <span class='ocrx_word' id='word_1_280' title='bbox 581 3425 708 3482; x_wconf 85' lang='lat' dir='ltr'>maximis</span> <span class='ocrx_word' id='word_1_281' title='bbox 721 3424 923 3503; x_wconf 83' lang='lat' dir='ltr'>voluptatibus,</span> <span class='ocrx_word' id='word_1_282' title='bbox 939 3427 1131 3486; x_wconf 87' lang='lat' dir='ltr'>abundantem</span> <span class='ocrx_word' id='word_1_283' title='bbox 1152 3429 1282 3488; x_wconf 88' lang='lat' dir='ltr'>omnibus</span> <span class='ocrx_word' id='word_1_284' title='bbox 1301 3426 1387 3508; x_wconf 79' lang='lat' dir='ltr'>copia,</span> <span class='ocrx_word' id='word_1_285' title='bbox 1419 3432 1421 3503; x_wconf 71' lang='lat' dir='ltr'>l</span> 
     </span>
     <span class='ocr_line' id='line_1_33' title="bbox 385 3515 1389 3600; baseline 0.005 -28"><span class='ocrx_word' id='word_1_286' title='bbox 385 3521 418 3573; x_wconf 93' lang='grc'>11</span> <span class='ocrx_word' id='word_1_287' title='bbox 434 3521 467 3571; x_wconf 92' lang='lat' dir='ltr'>ut</span> <span class='ocrx_word' id='word_1_288' title='bbox 481 3515 601 3573; x_wconf 84' lang='lat' dir='ltr'>excellas</span> <span class='ocrx_word' id='word_1_289' title='bbox 615 3516 700 3573; x_wconf 88' lang='lat' dir='ltr'>etiam</span> <span class='ocrx_word' id='word_1_290' title='bbox 714 3515 923 3592; x_wconf 89' lang='lat' dir='ltr'>pulchritudine</span> <span class='ocrx_word' id='word_1_291' title='bbox 937 3526 967 3576; x_wconf 89' lang='lat' dir='ltr'>et</span> <span class='ocrx_word' id='word_1_292' title='bbox 979 3519 1092 3577; x_wconf 72' lang='lat' dir='ltr'>viribus,</span> <span class='ocrx_word' id='word_1_293' title='bbox 1135 3519 1275 3589; x_wconf 77' lang='lat' dir='ltr'>Quocirca</span> <span class='ocrx_word' id='word_1_294' title='bbox 1289 3521 1389 3600; x_wconf 86' lang='lat' dir='ltr'>optimo</span> 
     </span>
     <span class='ocr_line' id='line_1_34' title="bbox 434 3604 1391 3687; baseline 0.009 -26"><span class='ocrx_word' id='word_1_295' title='bbox 434 3604 552 3681; x_wconf 92' lang='lat' dir='ltr'>quisque</span> <span class='ocrx_word' id='word_1_296' title='bbox 575 3612 604 3663; x_wconf 92' lang='lat' dir='ltr'>et</span> <span class='ocrx_word' id='word_1_297' title='bbox 627 3605 854 3683; x_wconf 88' lang='lat' dir='ltr'>splendidissimo</span> <span class='ocrx_word' id='word_1_298' title='bbox 878 3608 990 3686; x_wconf 84' lang='lat' dir='ltr'>ingenio</span> <span class='ocrx_word' id='word_1_299' title='bbox 1013 3609 1099 3687; x_wconf 87' lang='lat' dir='ltr'>longe</span> <span class='ocrx_word' id='word_1_300' title='bbox 1120 3609 1197 3667; x_wconf 89' lang='lat' dir='ltr'>illam</span> <span class='ocrx_word' id='word_1_301' title='bbox 1217 3610 1308 3668; x_wconf 86' lang='lat' dir='ltr'>vitam</span> <span class='ocrx_word' id='word_1_302' title='bbox 1331 3609 1391 3670; x_wconf 81' lang='lat' dir='ltr'>huie</span> 
     </span>
     <span class='ocr_line' id='line_1_35' title="bbox 383 3695 1393 3772; baseline 0.008 -20"><span class='ocrx_word' id='word_1_303' title='bbox 383 3700 419 3752; x_wconf 84' lang='lat' dir='ltr'>la</span> <span class='ocrx_word' id='word_1_304' title='bbox 435 3695 588 3771; x_wconf 87' lang='lat' dir='ltr'>anteponit.</span> <span class='ocrx_word' id='word_1_305' title='bbox 629 3696 672 3752; x_wconf 83' lang='lat' dir='ltr'>Ex</span> <span class='ocrx_word' id='word_1_306' title='bbox 693 3715 750 3772; x_wconf 92' lang='lat' dir='ltr'>quo</span> <span class='ocrx_word' id='word_1_307' title='bbox 770 3697 897 3764; x_wconf 90' lang='lat' dir='ltr'>efficitur,</span> <span class='ocrx_word' id='word_1_308' title='bbox 922 3697 1064 3756; x_wconf 91' lang='lat' dir='ltr'>hominem</span> <span class='ocrx_word' id='word_1_309' title='bbox 1085 3707 1196 3757; x_wconf 83' lang='lat' dir='ltr'>naturae</span> <span class='ocrx_word' id='word_1_310' title='bbox 1217 3700 1393 3760; x_wconf 72' lang='lat' dir='ltr'>obedientem</span> 
     </span>
     <span class='ocr_line' id='line_1_36' title="bbox 384 3783 1395 3870; baseline 0.009 -30"><span class='ocrx_word' id='word_1_311' title='bbox 384 3790 418 3841; x_wconf 87' lang='lat'>13</span> <span class='ocrx_word' id='word_1_312' title='bbox 434 3783 540 3842; x_wconf 91' lang='lat' dir='ltr'>homini</span> <span class='ocrx_word' id='word_1_313' title='bbox 552 3804 654 3843; x_wconf 81' lang='lat' dir='ltr'>nocere</span> <span class='ocrx_word' id='word_1_314' title='bbox 666 3805 722 3842; x_wconf 93' lang='lat' dir='ltr'>non</span> <span class='ocrx_word' id='word_1_315' title='bbox 736 3804 828 3862; x_wconf 87' lang='lat' dir='ltr'>posse.</span> <span class='ocrx_word' id='word_1_316' title='bbox 864 3787 974 3845; x_wconf 90' lang='lat' dir='ltr'>Deinde</span> <span class='ocrx_word' id='word_1_317' title='bbox 988 3788 1036 3864; x_wconf 94' lang='lat' dir='ltr'>qui</span> <span class='ocrx_word' id='word_1_318' title='bbox 1049 3788 1171 3845; x_wconf 89' lang='lat' dir='ltr'>alterum</span> <span class='ocrx_word' id='word_1_319' title='bbox 1182 3788 1278 3858; x_wconf 88' lang='lat' dir='ltr'>violat,</span> <span class='ocrx_word' id='word_1_320' title='bbox 1290 3798 1325 3849; x_wconf 92' lang='lat' dir='ltr'>ut</span> <span class='ocrx_word' id='word_1_321' title='bbox 1336 3791 1395 3870; x_wconf 84' lang='lat' dir='ltr'>ipae</span> 
     </span>
     <span class='ocr_line' id='line_1_37' title="bbox 434 3873 1397 3952; baseline 0.01 -21"><span class='ocrx_word' id='word_1_322' title='bbox 434 3873 540 3951; x_wconf 88' lang='lat' dir='ltr'>aliquid</span> <span class='ocrx_word' id='word_1_323' title='bbox 562 3874 702 3932; x_wconf 92' lang='lat' dir='ltr'>commodi</span> <span class='ocrx_word' id='word_1_324' title='bbox 725 3883 922 3952; x_wconf 90' lang='lat' dir='ltr'>consequatur,</span> <span class='ocrx_word' id='word_1_325' title='bbox 938 3884 989 3935; x_wconf 91' lang='lat' dir='ltr'>aut</span> <span class='ocrx_word' id='word_1_326' title='bbox 1007 3877 1077 3934; x_wconf 92' lang='lat' dir='ltr'>nihil</span> <span class='ocrx_word' id='word_1_327' title='bbox 1097 3877 1240 3936; x_wconf 87' lang='lat' dir='ltr'>existimat</span> <span class='ocrx_word' id='word_1_328' title='bbox 1258 3898 1291 3936; x_wconf 88' lang='lat' dir='ltr'>se</span> <span class='ocrx_word' id='word_1_329' title='bbox 1303 3881 1397 3941; x_wconf 78' lang='lat' dir='ltr'>faeere</span> 
     </span>
     <span class='ocr_line' id='line_1_38' title="bbox 433 3965 1398 4051; baseline 0.009 -29"><span class='ocrx_word' id='word_1_330' title='bbox 433 3971 532 4022; x_wconf 86' lang='lat' dir='ltr'>eontra</span> <span class='ocrx_word' id='word_1_331' title='bbox 545 3971 675 4022; x_wconf 91' lang='lat' dir='ltr'>naturam</span> <span class='ocrx_word' id='word_1_332' title='bbox 687 3984 694 4031; x_wconf 92' lang='lat'>;</span> <span class='ocrx_word' id='word_1_333' title='bbox 715 3971 766 4022; x_wconf 90' lang='lat' dir='ltr'>aut</span> <span class='ocrx_word' id='word_1_334' title='bbox 779 3965 871 4043; x_wconf 85' lang='lat' dir='ltr'>magis</span> <span class='ocrx_word' id='word_1_335' title='bbox 885 3966 1048 4045; x_wconf 82' lang='lat' dir='ltr'>fugiendam</span> <span class='ocrx_word' id='word_1_336' title='bbox 1063 3974 1159 4025; x_wconf 89' lang='lat' dir='ltr'>censet</span> <span class='ocrx_word' id='word_1_337' title='bbox 1174 3975 1307 4039; x_wconf 82' lang='lat' dir='ltr'>mortem,</span> <span class='ocrx_word' id='word_1_338' title='bbox 1328 3988 1398 4051; x_wconf 86' lang='lat' dir='ltr'>pau·</span> 
     </span>
    </p>
   </div>
   <div class='ocr_carea' id='block_1_5' title="bbox 0 0 1653 4775">
    <p class='ocr_par' dir='ltr' id='par_1_5' title="bbox 0 0 1653 4775">
     <span class='ocr_line' id='line_1_39' title="bbox 0 0 1653 4775; baseline 0 0"><span class='ocrx_word' id='word_1_339' title='bbox 0 0 1653 4775; x_wconf 95' lang='lat' dir='ltr'> </span> 
     </span>
    </p>
   </div>
  </div>
 </body>
</html>
