3259 4775
639 615 726 655 anssn
739 617 759 656 1.
801 616 869 657 aar.
884 616 1017 666 xu,xn1.
1300 603 1335 656 1⁰

351 747 422 806 XII.
443 745 585 825 Equidem
598 746 683 804 etiam
702 745 774 804 illud
788 746 991 829 animadverto,
1006 746 1092 823 quod,
1107 746 1156 823 qui
1169 745 1285 825 proprio

311 838 426 897 nomine
439 836 594 915 perduellis
607 843 690 903 esset,
705 836 833 894 ishostis
845 843 1003 904 vocaretur,
1018 835 1134 895 lenitate
1152 836 1231 894 verbi
1244 835 1285 895 rei

310 928 457 988 tristitiam
469 927 639 1005 mitigatam.
680 926 780 984 Hostis
794 925 870 983 enim
890 925 969 1003 apud
990 926 1113 1004 majores
1126 925 1283 985 nostrosis

310 1017 471 1085 dicebatur,
482 1036 568 1094 quem
578 1035 653 1074 nunc
663 1014 847 1093 peregrinum
860 1015 988 1073 dicimus.
1030 1015 1161 1074 Indicant
1175 1014 1281 1074 duode-
1297 1021 1314 1075 2

271 1143 276 1152 ι
311 1108 369 1167 aim
392 1108 511 1174 tabulae,
526 1111 567 1173 ut,
589 1124 694 1164 erasus
717 1124 784 1163 nnrs
807 1124 869 1163 corr
892 1123 1001 1163 nomn:
1023 1105 1156 1183 itemque,
1171 1123 1283 1164 noma·

311 1217 365 1257 aas
384 1216 502 1256 nosram
521 1214 648 1254 uranus
669 1213 860 1254 aaaronrrns.
903 1195 980 1264 Quid
1001 1194 1131 1253 adhunc
1152 1202 1314 1254 mansue-8

312 1287 441 1346 tudinem
461 1286 529 1344 addi
549 1291 653 1363 potest,
668 1304 745 1353 eum,
759 1285 875 1363 quicum
896 1285 1004 1343 bellum
1023 1302 1116 1363 geres,
1131 1291 1191 1342 tam
1204 1284 1283 1343 molli

310 1378 424 1436 nomine
439 1376 607 1456 appellare?
649 1376 830 1452 Quamquam
844 1374 874 1432 id
887 1393 991 1431 nomen
1004 1372 1103 1431 durius
1117 1373 1209 1431 effecit
1219 1374 1281 1452 jam

311 1474 449 1525 vctustas.
490 1466 522 1522 A
540 1464 690 1544 peregrino
710 1464 785 1522 enim
804 1464 928 1531 recessit,
944 1471 973 1521 et
993 1464 1108 1544 proprie
1127 1464 1156 1522 in
1175 1483 1218 1533 eo,
1233 1463 1282 1541 qui

311 1576 392 1614 arma
412 1562 511 1614 contra
530 1555 625 1623 ferret,
646 1554 789 1612 remansit.
832 1554 906 1612 Cum
934 1573 1001 1612 vero
1028 1553 1065 1611 de
1092 1554 1211 1631 imperio
1230 1553 1313 1612 dol

311 1652 439 1705 certatur
457 1645 591 1723 belloque
617 1644 754 1722 quaeritur
784 1643 883 1722 gloria,
905 1662 1005 1701 causas
1029 1644 1142 1702 omnino
1162 1645 1281 1702 subesse

311 1745 409 1795 tamen
429 1742 543 1814 oportet
562 1734 686 1802 easdem,
701 1753 773 1811 quas
794 1734 853 1791 dixi
873 1734 959 1811 paulo
979 1741 1046 1790 ante
1064 1734 1158 1810 justas
1178 1752 1281 1791 causas

312 1845 375 1884 esse
388 1826 538 1885 bellorum.
579 1824 638 1883 Sed
652 1843 687 1882 ea
696 1824 780 1891 bella,
791 1823 896 1901 quibus
909 1823 1018 1899 imperii
1031 1823 1122 1900 gloria
1136 1823 1281 1900 proposita

311 1923 364 1984 est,
376 1916 470 1973 minus
483 1916 585 1973 acerbe
598 1914 725 1993 gerenda
738 1921 813 1973 sunt.
855 1914 897 1971 Ut
912 1913 986 1971 enim
1000 1932 1066 1970 cum
1080 1912 1197 1970 civiliter
1211 1931 1278 1970 eon·
1293 1922 1310 1973 5

311 2006 464 2073 tendimus,
486 2005 567 2063 aliter
586 2004 611 2063 si
631 2011 676 2062 est
701 2004 839 2071 inimicus,
863 2003 945 2061 aliter
965 2002 988 2060 si
1015 2002 1193 2080 competitor,
1215 2021 1281 2060 cum

309 2096 403 2154 altero
424 2101 567 2153 certamen
586 2094 700 2153 honoris
720 2101 750 2151 et
770 2093 916 2172 dignitatis
932 2099 985 2161 cst,
1000 2112 1065 2150 cum
1078 2091 1168 2150 altero
1181 2092 1281 2171 capitis

310 2194 340 2245 et
361 2186 464 2243 famae:
486 2185 526 2243 sic
547 2204 612 2243 cum
633 2184 790 2252 Celtiberis,
806 2203 873 2241 cum
894 2183 1015 2242 Cimbris
1036 2183 1152 2251 bellum,
1167 2190 1200 2241 ut
1214 2202 1280 2241 cum

309 2275 437 2343 inimicis,
453 2276 615 2353 gerebatur,
629 2280 791 2342 metasset,
806 2293 865 2331 non
877 2280 942 2332 uter
954 2273 1123 2351 imperaret;
1145 2273 1211 2331 cum
1225 2273 1280 2330 La·
1319 2261 1327 2312 .'

310 2366 385 2434 tin'rs,
407 2365 527 2433 Sabinis,
550 2364 732 2441 Samnitibus,
746 2364 854 2433 Poenis,
868 2363 982 2443 Pyrrho
1004 2362 1041 2422 de
1060 2362 1178 2441 imperio
1198 2362 1279 2422 dimi·

309 2458 440 2516 cabatur.
481 2455 565 2514 Poeni
591 2450 743 2534 foedifragi,
766 2455 888 2514 crudelis
912 2454 1071 2513 Hannibal:
1098 2454 1197 2532 reliqui
1218 2453 1279 2531 jus·
1391 2456 1395 2469 '

309 2547 405 2605 tiores
446 2545 551 2624 Pyrrhi
563 2545 679 2622 quidem
693 2546 729 2603 do
744 2545 861 2623 captivis
876 2545 1027 2603 reddendis
1049 2544 1097 2602 illa
1111 2545 1267 2623 praeclara:
1293 2549 1312 2603 a

373 2666 453 2747 sNee
466 2667 507 2723 rai
519 2685 624 2723 aarum
631 2684 723 2740 poseo,
737 2685 783 2722 aee
796 2666 837 2722 mi
844 2667 971 2740 pretium
983 2665 1133 2739 dederitis;

370 2752 373 2757 ’
391 2756 453 2815 Nec
465 2764 649 2832 cauponantes
663 2757 773 2824 bellam,
788 2756 836 2812 sed
849 2757 1044 2831 belligerantes,

391 2846 488 2914 Ferro,
500 2866 556 2904 aaa
567 2865 647 2913 aare,
662 2847 749 2903 vitam
762 2865 906 2904 canaram
919 2848 1039 2922 atriqae.

400 2936 488 2994 Vosne
500 2937 574 3005 velit,
588 2956 626 2993 aa
639 2955 682 2994 me
694 2956 808 3011 regnare
821 2938 895 3003 lero,
912 2937 1012 3011 quidve
1017 2939 1106 3011 ferat,
1121 2936 1203 3004 Fors,
1218 2953 1220 2958 ·

400 3027 511 3085 Virtute
523 3028 705 3102 expectamur.
746 3027 788 3084 Et
802 3028 851 3084 boe
864 3027 952 3083 simul
964 3027 1051 3100 arpite
1065 3024 1192 3082 dietam:

397 3116 526 3191 Quarum
539 3119 641 3175 virtuti
654 3118 717 3175 belli
721 3119 847 3192 fortean
854 3116 985 3190 pepercit,

390 3208 564 3265 Eoramdem
577 3227 619 3265 me
634 3209 754 3265 libertati
761 3226 876 3282 parcere
888 3214 992 3263 certam
1005 3214 1051 3264 est.

390 3298 484 3367 Dareo,
498 3299 597 3367 ducite,
611 3299 699 3374 doque
712 3286 865 3356 volentibus
878 3317 942 3355 cam
955 3299 1064 3372 magara
1077 3297 1131 3358 dtr.

303 3418 428 3498 Regalis
442 3437 509 3476 sane
523 3425 553 3476 et
567 3418 654 3497 digna
667 3419 854 3477 AEaaidarum
867 3438 971 3497 genere
985 3418 1135 3477 sententia.
1292 3423 1309 3480 7

347 3530 435 3588 XIII.
456 3529 555 3607 Atque
566 3530 651 3588 etiam
661 3530 684 3588 si
694 3530 762 3607 quid
773 3530 877 3609 singuli
887 3531 1063 3609 temporibus
1073 3530 1191 3589 adducti
1201 3531 1276 3589 hosti

305 3619 508 3699 promiserimt,
524 3626 568 3677 est
591 3621 619 3678 in
643 3639 677 3677 eo
698 3620 761 3698 ipso
782 3620 853 3678 fides
876 3620 1076 3679 conservanda.
1118 3621 1160 3678 Ut
1184 3621 1308 3699 primot

304 3708 419 3769 Punico
433 3709 508 3767 bello
521 3709 650 3788 Regulus
671 3716 772 3786 captus
786 3729 803 3766 a
816 3710 923 3779 Poenis,
935 3731 1001 3768 cum
1016 3711 1051 3767 de
1066 3710 1185 3786 captivis
1199 3729 1275 3768 com·

304 3797 453 3863 mutandis
476 3800 600 3856 Romam
621 3801 724 3858 missus
751 3807 835 3868 esset,
854 3800 1034 3878 jurassetque
1055 3818 1086 3856 se
1106 3797 1288 3866 rediturum,

304 3888 443 3969 prlmnm,
457 3895 491 3946 ut
503 3889 588 3957 venit,
604 3888 731 3967 captivos
744 3889 906 3947 reddendos
919 3890 947 3947 in
961 3897 1062 3947 senatu
1079 3908 1136 3946 non
1150 3888 1274 3946 censuit:

303 3964 422 4067 ψ,
438 3998 503 4037 aum
524 3979 692 4037 retineretur
711 3997 729 4035 a
749 3979 914 4057 propinquis
928 3987 958 4037 et
978 3980 1014 4036 ab
1035 3978 1140 4044 amieis,
1155 3976 1192 4033 ad
1207 3995 1275 4052 sup-
