3259 4775
634 628 719 668 urnas
733 630 752 668 1.
793 629 859 669 cnr.
875 628 932 667 xxi.
1191 667 1193 676 ,
1262 612 1299 666 29

279 757 341 815 vita
353 763 399 815 est
413 756 585 826 otiosorum;
605 757 776 816 fructuosior
789 766 886 815 autem
900 757 1046 815 hominum
1060 755 1157 835 generi
1167 761 1198 814 et
1210 752 1248 814 ad

265 846 441 904 'claritatem
460 847 731 925 amplitudinemque
755 848 848 924 aptior
874 866 981 915 eorum,
1003 848 1052 924 qui
1075 866 1106 905 sc
1129 846 1167 904 ad
1187 863 1260 904 rem.

280 936 427 1015 publicam
438 942 467 993 et
477 936 514 994 ad
524 926 643 1014 magnas
653 955 698 994 res
707 937 847 1015 gerendas
856 937 1149 995 accommodaverunt.
1172 936 1248 1005 Qua·
1262 941 1279 992 8

280 1032 403 1104 propter
424 1033 455 1083 et
476 1026 510 1083 iis
530 1026 648 1084 forsitan
661 1026 877 1084 concedendum
898 1027 934 1084 sit
954 1047 1014 1084 rem
1034 1027 1178 1104 publicam
1192 1043 1248 1083 non

281 1115 505 1193 capessentibus,
520 1116 569 1193 qui
591 1117 739 1174 excellenti
761 1116 876 1194 ingenio
895 1118 1031 1174 doctrinae
1049 1136 1111 1173 sese
1132 1116 1248 1174 dedide·
1325 1109 1327 1114 ’

280 1212 368 1264 runt:
389 1211 420 1263 et
432 1205 473 1274 iis,
488 1207 537 1283 qui
549 1213 600 1262 aut
612 1206 781 1264 valetudinis
800 1207 983 1266 imbecilitate
1003 1214 1053 1264 aut
1071 1207 1164 1283 aliqua
1183 1225 1248 1287 gra·

280 1296 360 1353 tiore
374 1314 460 1353 causa
473 1296 601 1373 impediti
618 1314 638 1351 a
655 1315 687 1353 re
709 1298 823 1374 publica
840 1305 1026 1364 recesserunt,
1042 1316 1107 1354 cum
1122 1297 1183 1374 ejus
1197 1298 1247 1355 ad-

279 1385 476 1442 mmistrandae
489 1392 661 1462 potestatem
676 1386 736 1443 aliis
757 1387 928 1463 laudemque
944 1387 1139 1458 concederent.
1181 1387 1246 1456 Qui·
1262 1393 1280 1446 4
1352 1440 1356 1445 .

279 1475 336 1533 bus
351 1483 447 1533 autem
461 1475 525 1533 talis
540 1476 617 1533 nulla
631 1476 668 1533 sit
682 1495 776 1545 cansa,
786 1477 810 1534 si
821 1478 966 1554 despicere
980 1496 1010 1534 se
1024 1477 1120 1535 dicant
1130 1496 1171 1545 ea,
1183 1496 1249 1555 quaa

279 1564 411 1643 plerique
430 1565 575 1633 mirentur,
591 1566 710 1643 imperia
725 1573 754 1624 et
769 1567 960 1645 magistratus,
975 1568 1007 1625 iis
1020 1587 1078 1625 non
1091 1568 1178 1627 modo
1191 1587 1248 1625 non

278 1655 370 1723 laudi,
385 1674 483 1713 verum
505 1656 590 1713 ctiam
603 1657 671 1713 vitio
692 1655 819 1713 dandum
840 1664 919 1734 puto.
961 1658 1088 1726 Quorum
1107 1658 1279 1735 judicium5

279 1745 309 1803 in
323 1764 367 1812 ec,
383 1746 461 1823 quod
475 1746 594 1824 gloriam
609 1753 792 1804 contemnant
805 1754 835 1803 et
848 1766 901 1824 pro
914 1747 1000 1805 nihilo
1014 1754 1124 1825 putent,
1136 1747 1247 1805 difficile

280 1836 363 1894 iactu
374 1843 418 1893 est
431 1855 487 1893 non
501 1838 637 1913 probare:
653 1836 703 1894 sed
713 1837 845 1895 videntur
859 1838 971 1894 labores
981 1844 1011 1894 ct
1024 1837 1176 1904 molestias,
1187 1844 1248 1894 tum

279 1926 470 1984 offensionum
480 1933 509 1983 ct
518 1927 696 2003 repulsarum
707 1927 787 2005 quasi
801 1927 944 2004 quandam
958 1926 1139 2005 ignominiam
1149 1926 1249 1984 timere

279 2023 311 2075 et
330 2016 484 2074 infamiam.
526 2017 601 2075 Sunt
615 2018 697 2085 enim,
713 2017 803 2094 quiin
817 2018 902 2075 rebus
916 2017 1060 2075 contrariis
1081 2036 1182 2094 parum
1197 2016 1249 2074 sibi
1263 2022 1280 2074 6

279 2113 431 2165 constent:
452 2107 629 2185 voluptatem
644 2108 819 2165 severissime
834 2114 1024 2176 contemnant,
1038 2108 1067 2165 in
1081 2108 1179 2165 dolore
1193 2107 1249 2165 sint

277 2197 442 2254 molliores:
464 2198 584 2275 gloriam
604 2198 761 2276 negligant,
776 2198 943 2275 frangantur
962 2198 1093 2255 infamia:
1115 2205 1201 2275 atque
1214 2216 1249 2255 ea

277 2286 400 2364 quidem
420 2306 475 2344 non
489 2288 557 2346 satis
576 2295 745 2345 constanter.
787 2287 846 2345 Sed
860 2287 901 2355 iis,
916 2288 964 2365 qui
985 2288 1091 2346 habent
1111 2306 1129 2344 a
1147 2295 1250 2345 natura
1283 2293 1304 2346 11

277 2376 558 2456 adjumentarcrum
572 2378 771 2457 gerendarum,
783 2378 897 2456 abjecta
911 2378 987 2436 omni
1001 2378 1189 2446 cunctatione,
1199 2378 1249 2436 ad-

277 2467 424 2546 ipiscendi
436 2469 619 2547 magistratus
634 2476 664 2527 et
677 2469 803 2548 gerenda
817 2488 862 2526 res
876 2469 991 2547 publica
1004 2477 1056 2526 est.
1098 2469 1160 2526 Nec
1175 2469 1248 2526 enim

276 2558 366 2617 aliter
379 2565 430 2615 aut
442 2559 504 2637 regi
519 2559 625 2626 civitas,
640 2567 691 2616 aut
705 2559 843 2617 declarari
861 2559 946 2617 animi
959 2559 1126 2638 magnitudo
1145 2565 1249 2637 potest.

278 2649 508 2726 Capessentibus
522 2656 618 2707 autem
632 2668 692 2707 rem
712 2650 857 2728 publicam
877 2649 946 2707 nihil
967 2650 1066 2716 minus,
1082 2668 1167 2726 quam
1187 2649 1248 2727 phi·
1264 2654 1281 2707 8

276 2736 419 2816 Iosophis
434 2739 513 2797 haud
534 2740 593 2798 scio
613 2759 650 2796 an
670 2740 761 2818 magis
783 2739 876 2807 etiam,
892 2746 921 2797 et
934 2738 1143 2818 magnificentia
1157 2745 1187 2801 et
1200 2739 1249 2797 de·

278 2828 432 2907 spicientia
445 2829 607 2886 adhibenda
620 2830 656 2887 sit
669 2849 764 2886 rerum
777 2830 974 2896 humanarum,
987 2848 1073 2906 quam
1088 2847 1165 2905 saepe
1176 2828 1248 2896 dico,

278 2927 313 2977 et
327 2919 515 2996 tranquillitas
537 2919 621 2977 animi
641 2926 727 2996 atque
741 2919 897 2976 securitas:
920 2919 943 2976 si
964 2919 1079 2996 quidem
1101 2937 1154 2975 nec
1176 2918 1249 2976 auxii

278 3008 376 3082 futuri
396 3016 470 3077 sunt,
492 3015 608 3068 etcum
630 3010 769 3087 gravitate
794 3009 1006 3084 constantiaque
1027 3007 1136 3064 victuri.
1178 3007 1282 3075 Quart)

278 3099 410 3159 faciliora
423 3109 489 3159 sunt
502 3100 687 3176 philosophis,
707 3117 764 3177 quo
782 3098 876 3156 minus
890 3098 981 3155 multa
995 3096 1138 3173 patentia
1151 3115 1250 3155 eorum

280 3190 354 3256 vita,
368 3207 434 3267 quae
451 3189 564 3246 fortuna
582 3189 672 3256 feriat,
688 3197 718 3246 et
736 3208 793 3267 quo
813 3188 906 3245 minus
925 3187 1022 3244 multis
1040 3187 1126 3244 rebus
1145 3193 1249 3265 egent:

280 3289 314 3338 et
335 3279 411 3356 quia,
426 3279 450 3336 si
473 3279 541 3355 quid
566 3279 677 3336 adversi
700 3279 819 3346 eveniat,
841 3285 902 3335 tam
924 3277 1050 3357 graviter
1073 3276 1175 3335 cadere
1194 3296 1252 3334 non

280 3375 415 3449 possunt.
457 3369 595 3439 Quocirca
608 3388 665 3427 non
678 3369 736 3426 sine
752 3387 836 3427 causa
849 3369 973 3446 majores
986 3375 1081 3425 motus
1095 3368 1252 3425 animorum
1267 3373 1304 3426 10

279 3459 471 3526 concitantur,
486 3460 633 3537 majorque
648 3458 786 3516 efficiendi
806 3478 874 3516 cura
888 3478 949 3516 rcm
970 3458 1115 3535 publicam
1128 3458 1250 3536 gerenti-

280 3553 351 3616 bus,
365 3568 451 3627 quam
466 3550 585 3626 quictis;
606 3568 663 3626 quo
685 3548 776 3626 magis
798 3547 842 3605 his
864 3556 893 3606 ct
916 3548 1084 3626 magnitudo
1104 3555 1148 3605 est
1167 3547 1253 3605 animi

278 3639 448 3701 adhibenda
462 3646 491 3696 et
501 3639 628 3697 vacuitas
642 3639 678 3697 ab
692 3638 853 3716 angoribus
895 3638 945 3695 Ad
959 3657 1020 3695 rem
1034 3637 1188 3716 gerendam
1202 3657 1251 3694 au·
1268 3641 1302 3694 11
1337 3670 1340 3675 ·

277 3738 347 3791 tem
366 3729 414 3806 qui
434 3729 552 3796 accedit,
568 3735 675 3794 caveat,
696 3747 733 3785 nc
756 3727 785 3785 id
806 3729 893 3785 modo
917 3727 1083 3794 consideret,
1098 3746 1184 3804 quam
1204 3727 1253 3783 illa

276 3822 331 3880 sus
353 3820 474 3877 honesta
487 3820 539 3876 sit:
562 3819 721 3885 sedetiam,
737 3825 770 3875 ut
792 3818 898 3876 habeat
920 3817 1057 3874 efficiendi
1076 3818 1251 3875 facultatem.

222 3972 242 3981 ..
262 3910 320 3973 h
342 3928 404 3988 'quo
427 3909 490 3986 ipso
514 3909 750 3968 considerandum
774 3915 827 3975 est,
853 3926 888 3965 ne
912 3915 963 3965 aut
986 3914 1093 3965 temere
1118 3907 1251 3984 desperet
1266 3910 1304 3963 12

271 4004 407 4079 mptcr
426 3998 576 4077 ignaviam,
590 4004 641 4056 aut
662 3998 744 4056 nimis
768 3997 893 4056 confidat
915 4004 1034 4075 propter
1056 3995 1252 4073 cupiditatem.
