3259 4775
383 553 421 605 lt
798 569 836 606 ns
851 568 981 609 orrrcrrs

434 694 519 752 detur
532 695 664 753 babuisse
678 697 832 754 rationem:
853 716 920 773 qaue
933 697 1054 755 sormam
1063 704 1192 755 nostram
1204 696 1394 777 reliquamque

434 784 564 863 liguram,
576 786 671 863 inqua
685 795 759 845 esset
774 787 883 864 species
895 787 1024 855 honesta,
1035 805 1099 845 eam
1108 786 1206 865 posuit
1214 787 1245 845 in
1256 794 1392 867 prompto,

433 894 499 952 quae
522 884 618 953 partes
642 884 738 934 autem
762 877 888 954 corporis
908 877 946 934 ud
968 884 1078 935 naturus
1104 878 1308 937 necessitatem
1326 878 1392 937 dan

433 973 582 1041 aspectum
595 975 690 1025 essent
704 967 862 1025 deformem
876 967 1018 1025 habitura
1030 974 1118 1044 atque
1130 974 1258 1046 turpem,
1267 986 1324 1043 eas
1336 988 1391 1027 con·

400 1056 503 1113 sterit
516 1064 602 1133 atque
617 1055 734 1115 abdidit.
777 1057 858 1115 Hanc
875 1068 986 1115 naturus
1003 1064 1064 1115 tam
1077 1057 1244 1136 diligentem
1263 1058 1389 1117 fabricam

432 1146 542 1204 imitata
560 1154 604 1205 est
622 1148 769 1205 hominum
789 1147 1014 1206 verecundia.
1056 1147 1129 1217 Quae
1141 1147 1217 1205 enim
1234 1156 1339 1207 natura
1351 1168 1389 1207 oe·

434 1237 560 1305 cultavit,
574 1237 674 1295 eadem
696 1256 801 1303 omnes,
816 1237 866 1313 qui
886 1256 957 1294 sana
979 1244 1075 1295 mente
1096 1244 1171 1305 sunt,
1190 1248 1342 1298 removent
1358 1238 1389 1297 ab

432 1327 538 1385 oculis:
559 1328 670 1406 ipsique
682 1327 843 1385 necessitati
857 1327 927 1385 dant
940 1346 1057 1407 operam
1069 1334 1201 1405 utquam
1209 1329 1389 1389 occultissime

433 1425 566 1494 pareant:
588 1435 766 1493 quarumque
780 1418 906 1494 partium
923 1418 1049 1496 corporis
1066 1437 1136 1477 usus
1152 1424 1220 1477 sunt
1238 1419 1388 1487 necessari,

432 1525 480 1564 eas
501 1525 592 1583 neque
615 1513 711 1584 partes
731 1525 824 1583 neque
845 1526 944 1566 earum
963 1528 1032 1567 usus
1050 1508 1109 1566 suis
1125 1509 1289 1568 nominibus
1301 1511 1389 1589 appel·

431 1596 507 1653 lant:
529 1595 663 1673 quodque
677 1595 773 1654 facere
785 1604 871 1675 turpe
884 1618 941 1656 non
955 1605 1008 1667 est,
1023 1599 1111 1657 modo
1124 1600 1246 1668 occulte,
1260 1599 1292 1659 id
1304 1600 1390 1659 dicero

400 1696 416 1745 5
432 1687 598 1745 obsooenum
612 1693 663 1744 est.
698 1686 802 1764 Itaque
815 1707 868 1745 neo
881 1696 982 1766 aperta
994 1689 1069 1747 actio
1082 1707 1178 1747 rerum
1190 1689 1306 1771 illarum
1315 1698 1389 1768 petu-

400 1777 519 1835 6lantia
539 1783 631 1845 vacat,
652 1796 704 1836 noo
727 1779 861 1836 orationis
881 1779 1062 1838 obscoenitas.
1103 1778 1165 1837 Nec
1179 1798 1248 1838 vero
1266 1778 1390 1839 audiendi

431 1876 498 1927 sunt
520 1869 628 1948 Cynici,
643 1879 694 1929 aut
715 1870 806 1948 siqui
827 1872 943 1928 fuerunt
962 1870 1051 1929 Stoici
1069 1889 1152 1949 paene
1166 1870 1279 1949 Cynici,
1292 1872 1389 1949 quirc-

432 1961 611 2039 prehondunt
636 1968 665 2018 et
688 1961 813 2028 irrident,
834 1960 912 2038 quod
932 1979 975 2028 ea,
996 1979 1062 2038 quae
1083 1979 1116 2019 re
1136 1960 1233 2038 turpia
1251 1980 1311 2020 non
1332 1962 1389 2029 sint,

432 2050 589 2109 nominibus
599 2069 632 2107 ac
641 2050 734 2108 verbis
748 2049 888 2128 flagitiosa
901 2049 1059 2108 ducamus:
1078 2050 1127 2108 illa
1139 2057 1247 2120 autem,
1258 2070 1326 2130 quta
1337 2058 1389 2111 tur·

401 2142 416 2197 l
432 2140 479 2218 pia
492 2139 556 2207 sint,
571 2139 730 2197 nominibus
750 2140 929 2216 appellemus
949 2140 1016 2198 suis.
1056 2139 1241 2209 Latrocinari,
1254 2141 1388 2209 fraudare,

431 2229 601 2296 adulterare,
621 2248 653 2287 re
673 2235 757 2306 turpe
782 2235 835 2295 est,
856 2229 908 2287 sed
928 2229 1031 2288 dieitur
1050 2248 1107 2287 non
1127 2230 1283 2289 obscoene:
1303 2230 1389 2291 liberis

431 2318 499 2376 dare
523 2338 648 2396 operam,
669 2338 701 2376 re
722 2320 875 2376 honestum
897 2326 950 2388 est,
968 2320 1080 2377 nomine
1093 2320 1280 2379 obscoenum:
1301 2321 1389 2403 plura·

431 2429 488 2486 quo
502 2410 530 2467 iu
544 2429 608 2467 eam
621 2410 789 2468 sententiam
803 2410 840 2467 ab
855 2410 961 2468 eisdem
976 2418 1075 2469 contra
1084 2410 1286 2470 verecundiam
1299 2413 1389 2492 dispu-

400 2507 536 2559 8tantur.
578 2500 639 2558 Nos
661 2508 758 2557 autem
778 2505 910 2558 naturam
929 2520 1090 2578 sequamur,
1111 2507 1141 2558 et
1159 2502 1198 2559 ab
1218 2503 1304 2572 omni,
1319 2501 1389 2581 quod

430 2590 566 2647 abhorret
586 2590 623 2647 ab
647 2590 794 2648 oculorum
815 2591 982 2668 auriumque
1005 2591 1219 2669 approbatione,
1243 2593 1389 2672 fugiamus.

431 2679 539 2748 Status,
563 2680 698 2748 incessus,
723 2682 819 2750 sessio,
843 2681 994 2748 accubitio,
1019 2682 1125 2749 uultus,
1149 2681 1234 2750 oculi,
1258 2702 1389 2742 manuum

398 2776 415 2828 9
429 2777 533 2837 motus,
548 2777 663 2828 teneant
676 2771 747 2829 illud
758 2772 902 2830 decorum.
937 2772 1049 2841 Quibus
1062 2771 1091 2829 in
1101 2773 1187 2831 rebus
1201 2771 1262 2830 duo
1274 2773 1389 2832 maxims?

430 2868 496 2918 sunt
520 2861 664 2940 fugienda,
686 2880 722 2918 ne
743 2862 812 2938 quid
833 2862 1027 2920 effeminatum
1047 2869 1098 2919 aut
1117 2863 1212 2931 molle,
1226 2869 1258 2921 et
1277 2861 1389 2942 nequid

380 2957 415 3009 10
430 2950 535 3008 durum
546 2958 596 3008 aut
609 2952 747 3009 rusticum
762 2952 805 3010 sit.
834 2952 897 3010 Nec
907 2971 975 3010 vero
984 2952 1166 3011 histrionibus
1179 2953 1389 3032 oratonbusqnc'

429 3041 643 3099 concedendum
670 3049 721 3110 est,
747 3049 783 3100 ιιι
807 3043 840 3100 iis
866 3043 929 3100 hae
957 3049 1027 3120 apta
1050 3042 1115 3110 sint,
1137 3043 1220 3102 nobis
1247 3039 1407 3102 dissolutu'¹

378 3138 412 3189 11
429 3131 611 3191 Scenicorum
621 3132 737 3208 quidem
750 3152 812 3190 mos
826 3140 936 3190 tantam
949 3133 1038 3190 habet
1047 3139 1143 3190 vetere
1153 3132 1304 3211 disciplina
1316 3153 1388 3194 vere»

378 3228 413 3279 12
429 3222 568 3289 cundiam,
583 3228 617 3278 ut
629 3222 658 3279 in
672 3241 785 3279 scenam
800 3223 859 3280 sine
873 3222 1051 3300 subligaculo
1065 3222 1187 3300 prodeat
1199 3241 1296 3284 nemo.
1337 3223 1388 3284 Vc·

427 3318 525 3368 rentur
548 3311 631 3377 enim,
652 3329 697 3378 ne,
721 3312 744 3368 si
766 3331 824 3388 quo
848 3331 916 3369 casu
940 3313 1072 3379 evenerit,
1094 3319 1127 3371 ιιι
1147 3313 1275 3391 corporis
1298 3321 1390 3392 partes

377 3407 412 3458 13
427 3400 559 3476 quaedam
573 3400 743 3479 aperiantur,
757 3402 930 3478 aspiciantur
943 3421 999 3459 non
1010 3402 1120 3461 decore.
1155 3402 1265 3462 Nostro
1279 3404 1390 3481 quidem

427 3508 506 3546 more
527 3509 593 3547 eum
616 3490 780 3566 parentibus
801 3493 923 3570 puberes
943 3492 1082 3559 bilicum
1101 3492 1206 3550 soceris
1225 3493 1391 3571 generinon

379 3586 412 3637 14
426 3579 566 3637 lavantur.
608 3579 767 3637 Retinenda
788 3581 876 3660 igitur
898 3590 943 3640 est
965 3583 1053 3660 hujus
1076 3582 1189 3661 generis
1213 3583 1391 3652 verecundia,

427 3669 583 3747 praesertim
596 3676 698 3726 natura
711 3670 774 3748 ipsa
787 3671 925 3749 magristra
938 3678 968 3730 et
982 3672 1055 3730 duce

464 3848 601 3906 XXXVI.
624 3848 698 3905 Cum
712 3856 808 3907 autem
828 3850 1110 3928 pulchritudinis
1125 3851 1184 3909 duo
1205 3870 1317 3930 genera
1330 3855 1393 3924 sint,
1410 3897 1414 3904 -

426 3958 545 4018 quorum
558 3938 585 3995 in
601 3939 689 3996 altero
697 3947 832 3998 venustas
845 3940 890 4008 sit,
902 3940 930 3998 in
943 3942 1033 4000 altero
1047 3940 1191 4020 dignitas;
1212 3949 1393 4006 venustatem
