3259 4775
594 608 681 648 naun
693 609 737 648 111.
779 608 846 648 car.
862 610 939 647 xxix.
1221 589 1274 648 11'1

242 757 439 819 quamquam
459 739 496 797 ab
515 737 603 816 impio
623 757 691 817 rege
706 738 815 806 dicitur,
831 740 974 797 luculente
996 745 1092 797 tamen
1112 738 1223 798 dicitur.

245 829 387 888 Addunt
411 829 504 896 etiam,
528 828 770 906 quemadmodum
796 849 848 886 uos
875 829 1012 897 dicamus,
1037 829 1126 887 videri
1146 835 1257 907 quae-8

249 919 326 978 dam
340 919 432 987 utilia,
447 938 512 996 quae
532 938 589 977 non
608 919 685 977 sinti
701 920 740 978 sic
754 938 785 977 se
799 920 902 986 dicere,
917 920 1005 976 videri
1019 919 1152 997 quaedam
1173 920 1224 977 ho-

251 1017 351 1078 nesta,
366 1029 432 1087 qnae
453 1028 510 1067 non
529 1010 601 1067 sint:
623 1016 656 1067 ut
669 1010 724 1067 hoc
744 1010 838 1087 ipsum
853 1010 965 1067 videtur
984 1010 1144 1077 honestum,
1159 1029 1225 1068 con·

256 1099 393 1160 uenandi
411 1099 483 1177 juris
502 1099 617 1178 jurandi
630 1118 717 1157 causa
729 1099 767 1156 ad
781 1100 938 1158 cruciatum
958 1100 1115 1166 revertisse,
1130 1101 1181 1158 sed
1194 1100 1227 1157 fit

258 1208 317 1248 nou
340 1190 512 1257 honestum
532 1189 606 1267 quia,
630 1188 707 1266 quod
728 1208 780 1267 per
799 1190 857 1247 vim
879 1190 1003 1248 hostium
1025 1196 1101 1247 esset
1121 1196 1225 1258 actum,

260 1286 358 1338 ratum
370 1297 433 1336 esse
446 1298 503 1336 non
516 1278 624 1337 debuit.
648 1287 652 1295 '
665 1278 789 1337 Addunt
803 1281 898 1348 etiam,
913 1280 1047 1358 quicquid
1060 1279 1144 1337 valde
1158 1279 1227 1337 utile
1242 1285 1259 1338 9

263 1369 307 1437 sit,
331 1368 363 1427 id
383 1369 443 1426 ficri
464 1369 624 1436 honestum,
650 1369 761 1426 etiamsi
781 1378 865 1427 antea
884 1389 942 1427 non
963 1371 1114 1431 videretur.
1155 1372 1226 1430 Haec
1245 1378 1280 1430 10

263 1460 320 1518 lere
335 1465 433 1517 contra
446 1459 600 1537 Regulum.
642 1459 700 1517 Sed
715 1459 805 1537 prima
819 1460 973 1519 videamus.

301 1617 409 1676 XXIX.
425 1617 491 1675 Non
499 1618 554 1675 fuit
561 1617 696 1696 Juppitcr
703 1618 883 1686 metuendus,
893 1637 928 1676 ne
938 1619 1027 1678 iratus
1036 1629 1166 1679 noceret:
1182 1621 1230 1699 qui

265 1727 355 1786 neque
367 1708 451 1766 irasci
460 1708 540 1775 solet,
550 1726 602 1765 nec
616 1727 724 1766 nocere.
766 1709 841 1767 Haec
852 1709 966 1785 quidem
981 1711 1052 1768 ratio
1066 1731 1122 1769 non
1135 1713 1228 1787 magis
1245 1719 1261 1769 2

266 1805 364 1857 eontra
376 1798 490 1877 Reguli,
504 1817 591 1875 quam
606 1805 703 1857 contra
717 1817 799 1856 omnc
818 1799 866 1876 jus
877 1799 1033 1876 jurandum
1046 1801 1130 1858 valet.
1172 1801 1230 1859 Sed
1245 1810 1262 1858 3

265 1888 291 1946 in
308 1890 375 1967 jure
395 1888 527 1967 juranda,
542 1908 599 1946 non
620 1888 668 1965 qui
691 1896 794 1956 metus,
809 1888 860 1946 scd
882 1908 946 1967 quae
960 1890 1001 1947 vis
1023 1890 1068 1957 sit,
1084 1889 1170 1948 debet
1190 1891 1231 1948 in·

265 1979 362 2058 telligi.
403 1977 456 2036 Est
476 1978 550 2036 enim
567 1978 615 2056 jus
633 1978 789 2056 jurandum
804 1978 953 2036 affirmatio
967 1979 1103 2057 religiosa.
1146 1979 1264 2048 Quodl

265 2080 361 2128 autem
384 2068 531 2135 affirmate,
552 2068 633 2145 quasi
652 2067 707 2126 deo
725 2074 807 2137 teste,
837 2070 1005 2147 promiseris,
1026 2070 1055 2127 id
1079 2069 1232 2128 tenendum

266 2167 316 2220 est.
358 2160 426 2219 Jam
440 2159 514 2216 enim
526 2177 583 2216 non
603 2158 640 2216 ad
660 2159 731 2217 iram
745 2159 871 2227 deorum,
888 2180 952 2237 quae
968 2160 1044 2217 nulla
1058 2168 1110 2228 est,
1128 2161 1179 2218 sed
1194 2160 1231 2218 ad

238 2250 402 2332 'justitiam
416 2248 497 2307 etad
510 2248 596 2307 fidem
610 2249 741 2326 pertinet.
783 2249 860 2306 Nam
875 2251 1011 2327 praeclare
1026 2251 1147 2308 Ennius:
1245 2260 1262 2310 5

350 2351 376 2410 0
389 2349 475 2409 Fides
487 2350 572 2427 ulma,
587 2358 655 2425 apta
663 2351 769 2425 pluuia,
784 2358 810 2408 ct
823 2351 880 2409 Jua
886 2352 1046 2426 jurandam
1063 2353 1153 2411 Jove.

266 2465 322 2536 Qui
344 2464 400 2523 Jus
423 2462 511 2540 igitur
531 2462 686 2540 jurandum
706 2463 840 2530 violatis
862 2463 963 2522 Fidem
986 2466 1079 2533 violat,
1095 2485 1182 2542 quam
1205 2466 1233 2523 in

266 2553 409 2634 Capitolio
422 2552 542 2610 vicinam
561 2553 640 2611 Jovis
654 2552 763 2630 Optimi
786 2554 911 2621 Maximi,
927 2562 960 2612 ut
983 2555 1012 2612 in
1036 2557 1152 2614 Catonis
1173 2575 1233 2615 ora·

265 2646 343 2704 tione
357 2650 411 2711 est,
424 2643 549 2720 majores
562 2643 652 2700 nostri
666 2661 728 2700 esse
742 2644 903 2702 voluerunt,

305 2736 351 2793 At
364 2734 440 2792 enim
452 2751 487 2790 ne
500 2733 589 2790 iratus
603 2732 718 2810 quidem
728 2734 746 2792 J
748 2735 863 2811 uppitcr
877 2734 942 2812 plus
959 2735 1072 2812 Regulo
1085 2728 1235 2803 nocuisset,
1251 2741 1268 2792 6

266 2844 355 2904 quam
369 2824 424 2883 sibi
436 2824 533 2881 nocuit
545 2823 607 2901 ipse
617 2824 755 2901 Regulus.
799 2824 892 2891 Certe,
908 2824 932 2881 si
945 2824 1013 2881 nihil
1027 2825 1134 2881 malum
1149 2831 1233 2892 esset,
1250 2825 1266 2881 7

265 2916 320 2975 nisi
334 2914 441 2973 dolere.
483 2913 519 2971 Id
540 2920 636 2971 autem
656 2933 712 2971 non
731 2913 817 2972 modo
838 2933 983 2971 summum
1003 2914 1119 2978 malum,
1134 2914 1235 2971 sedne

265 3006 377 3065 malum
387 3003 503 3083 quidem
514 3022 585 3072 esse,
597 3004 720 3061 maxima
732 3005 899 3062 auctoritate
915 3003 1076 3081 philosophi
1087 3003 1234 3060 affirmant.

267 3097 399 3167 Quorum
412 3093 527 3172 quidem
548 3100 653 3152 testem
674 3113 732 3151 non
755 3094 936 3161 mediocrem,
952 3092 1003 3150 sed
1023 3093 1102 3151 haud
1121 3093 1179 3150 scio
1199 3100 1268 3151 an8

267 3185 476 3266 gravissimum,
499 3184 653 3261 Regulum,
676 3184 773 3252 nolite,
798 3203 907 3260 quaeso,
933 3183 1102 3261 vituperare.
1144 3184 1268 3252 Quem9

267 3276 345 3333 enim
364 3274 579 3352 locupletiorem
592 3275 757 3351 quaerimus,
780 3294 867 3351 quam
887 3274 1042 3352 principem
1063 3274 1161 3350 populi
1182 3274 1240 3330 Ro·

268 3366 356 3432 mani,
371 3365 420 3442 qui
439 3364 578 3422 retinendi
599 3365 681 3422 officii
702 3384 788 3422 causa
802 3365 959 3423 cruciatum
980 3365 1097 3422 subierit
1109 3365 1237 3422 volunta·

270 3455 399 3513 tarium?
440 3454 517 3512 Nam
530 3455 609 3531 quod
623 3454 709 3522 aiunt,
721 3455 839 3512 Minima
853 3455 889 3512 de
902 3456 1000 3522 malis;
1021 3454 1051 3512 id
1066 3461 1117 3522 cst,
1133 3462 1166 3512 ut
1180 3461 1239 3512 tur-
1256 3461 1292 3512 10

269 3546 346 3624 piter
359 3543 462 3622 potius,
477 3563 564 3622 quam
578 3545 758 3602 calamitose:
780 3564 817 3601 an
840 3553 884 3602 cst
905 3545 996 3602 ullum
1017 3545 1111 3622 majus
1133 3545 1241 3603 malum

269 3634 471 3712 turpitudine?
513 3635 586 3702 Quae
601 3634 625 3691 si
637 3634 666 3692 in
680 3634 860 3692 deformitate
881 3635 1007 3703 corporis
1027 3635 1115 3692 habet
1135 3635 1241 3712 aliquid

269 3723 440 3792 offensionis,
455 3731 561 3800 quanta
574 3724 622 3781 illa
637 3724 801 3801 depravatio
816 3731 845 3782 et
858 3724 975 3782 foeditas
988 3724 1143 3801 turpificati
1156 3725 1239 3781 animi

270 3815 360 3874 debet
372 3812 484 3871 videri‘?
525 3813 626 3890 Itaque
638 3814 782 3871 nervosius
796 3814 845 3891 qui
858 3815 913 3871 ista
924 3815 1073 3882 disserunt,
1086 3814 1179 3872 solum
1190 3833 1239 3870 au·
1258 3817 1292 3870 11

269 3904 343 3964 dent
355 3903 464 3961 malum
477 3902 571 3961 dicere
584 3903 623 3971 id,
638 3903 716 3981 quod
729 3910 814 3981 turpe
829 3903 881 3962 sit:
903 3905 952 3982 qui
972 3912 1069 3962 autem
1091 3902 1243 3969 remissius,

269 3994 302 4055 hi
315 3999 413 4053 umen
426 4009 484 4050 non
496 3992 628 4051 dubitant
641 4012 785 4051 summum
798 3994 906 4052 malum
920 3994 1021 4054 dicere.
