3259 4775
301 559 356 612 ue
714 570 753 609 aa
767 569 894 609 orarem

348 701 497 779 exposuit:
519 700 688 758 sententiam
706 720 743 759 ue
761 699 876 767 diceret,
891 698 1055 768 recusavit;
1076 717 1170 777 quam
1191 698 1240 757 diu
1255 696 1313 776 jure

316 791 468 871 ajutando
483 790 606 848 hostium
624 797 777 860 teneretur,
790 810 848 849 nou
868 808 930 848 esse
951 809 982 848 se
1002 796 1180 848 senatorem.
1222 789 1310 870 Atque

347 883 418 942 illud
431 881 517 940 etiam
532 879 562 960 (o
576 882 696 940 stultum
710 881 861 949 hominem,
877 880 979 939 dixerit
992 880 1150 958 quispiam,
1165 886 1196 938 et
1215 895 1313 958 repug·

347 981 462 1033 nantem
470 973 583 1031 utilitati
593 993 653 1031 suae
666 971 684 1052 l)
706 972 788 1030 reddi
797 972 934 1051 captivos,
945 971 1063 1051 negavit
1072 990 1139 1030 esse
1150 971 1235 1031 utile:
1253 970 1305 1029 illes

348 1066 422 1124 cuim
442 1064 638 1122 adolescentes
659 1081 721 1121 esse
741 1069 771 1120 et
790 1063 881 1121 bonos
903 1062 1001 1130 duces,
1016 1081 1049 1121 se
1068 1063 1134 1141 jam
1156 1062 1302 1120 confectum

316 1163 502 1216 tseneetute.
545 1154 636 1230 Cujus
657 1173 722 1211 cum
744 1153 879 1211 valuisset
899 1152 1063 1221 auctoritas,
1086 1153 1195 1232 captivi
1214 1150 1302 1210 reteuh'

348 1254 422 1314 sunt,
444 1246 505 1323 ipsc
529 1243 738 1322 Karthaginem
760 1242 864 1301 rediit:
884 1261 977 1320 neque
998 1261 1065 1301 eum
1088 1244 1194 1301 caritas
1216 1241 1301 1320 patria

316 1348 333 1397 5
347 1336 470 1404 retinuit,
485 1354 536 1392 nec
550 1354 674 1392 suorum.
717 1333 820 1411 Neque
830 1352 897 1391 vero
908 1340 969 1390 tum
980 1333 1142 1411 ignorabat,
1157 1353 1189 1392 se
1201 1333 1238 1392 ad
1250 1349 1300 1390 crr-

349 1427 522 1484 delissimum
535 1426 648 1482 hostem
661 1431 691 1482 et
711 1424 749 1481 ad
763 1423 902 1502 exqui'sita
922 1424 1063 1502 supplicia
1082 1424 1240 1502 proficisci:
1259 1420 1299 1497 sed

316 1518 393 1594 djus
405 1514 559 1593 jurandum
574 1515 799 1572 conservandum
820 1515 947 1592 putabat.
990 1516 1093 1592 Itaque
1108 1522 1181 1583 tum,
1196 1533 1258 1573 eum
1270 1511 1299 1569 ri·
1334 1585 1336 1590 Ι

347 1605 462 1685 gilando
475 1605 638 1674 necabatur,
654 1620 715 1662 erat
725 1606 754 1663 in
767 1605 882 1663 meliore
893 1624 988 1674 causa,
1001 1624 1087 1683 quam
1101 1606 1126 1663 si
1141 1605 1216 1663 domi
1229 1621 1300 1662 senex

317 1700 333 1758 ἰ’
348 1698 485 1775 captivus,
501 1697 632 1774 perjurus
646 1696 799 1754 consularis
812 1695 1001 1755 remansisset.
1036 1695 1080 1752 At
1091 1695 1188 1764 stulte,
1199 1695 1245 1772 qui
1256 1711 1301 1751 non

348 1788 435 1847 modo
449 1808 504 1844 non
519 1787 658 1845 censuerit
672 1786 799 1864 captivos
820 1786 1016 1854 remittendos,
1031 1804 1133 1843 verum
1153 1786 1238 1844 etiam
1256 1783 1301 1842 dis·

317 1880 474 1940 8suaserit.
518 1877 668 1948 Quomodo
688 1878 801 1935 stulte?
822 1876 944 1934 etiamne
965 1875 1051 1934 sirei
1071 1875 1196 1957 publicae
1210 1876 1302 1934 condu-

349 1971 455 2029 cebat?
475 1969 576 2027 Potest
584 1976 688 2035 autem,
698 1967 777 2044 quod
788 1967 885 2025 inutile
899 1966 939 2024 rei
947 1966 1070 2045 publicae
1084 1966 1130 2035 sit,
1141 1965 1170 2023 id
1186 1965 1303 2044 cuiquam

350 2060 402 2119 civi
415 2060 483 2117 utile
498 2078 560 2116 esse
572 2060 585 2117 l
626 2058 767 2116 XXVIII.
788 2058 961 2116 Pervertunt
973 2057 1103 2115 homines
1114 2075 1159 2125 ea,
1171 2075 1236 2135 quae
1248 2061 1305 2114 suut

348 2150 533 2209 fundamenta
550 2157 670 2217 naturae,
685 2168 751 2207 eum
764 2149 916 2206 utilitatem
930 2149 968 2206 ab
981 2148 1132 2206 honestate
1153 2148 1305 2227 sejungunt

351 2242 457 2299 Omnes
478 2241 553 2298 enim
567 2240 726 2319 expetimus
746 2240 906 2307 utilitatem,
921 2237 959 2295 ad
974 2257 1094 2315 eamque
1113 2238 1250 2317 rapimur,
1263 2253 1306 2294 neo

318 2340 335 2392 2
351 2332 444 2390 lacere
458 2332 539 2389 aliter
552 2331 611 2389 ullo
625 2330 711 2389 modo
725 2349 886 2409 possumus.
929 2329 1005 2386 Nam
1020 2329 1084 2406 quis
1104 2336 1159 2398 est,
1174 2329 1224 2407 qui
1237 2327 1308 2386 utilia
1350 2325 1351 2393 Ξ

350 2421 466 2499 fugiat?
488 2429 538 2478 aut
553 2422 615 2497 quis
631 2421 733 2498 potiuS,
750 2421 799 2498 qui
819 2440 852 2478 ca
866 2440 922 2478 non
943 2419 1150 2478 studiosissime
1164 2436 1309 2498 persequa-

319 2511 422 2571 3tur‘?
464 2510 522 2567 Sed
538 2511 603 2586 quia
622 2530 764 2587 nusquam
784 2530 945 2588 possumus,
967 2510 1020 2567 nisi
1041 2510 1071 2567 in
1091 2510 1188 2579 laude,
1205 2510 1309 2576 decore,

351 2603 500 2659 honestate
517 2600 596 2658 utilia
609 2602 741 2678 reperire,
757 2607 911 2678 propterea
924 2601 972 2659 illa
986 2599 1078 2678 prima
1098 2607 1128 2658 et
1142 2620 1256 2658 summa
1268 2601 1311 2657 ha·

351 2693 471 2760 bemus;
492 2692 620 2749 utilitatis
640 2710 742 2749 nomen
762 2710 820 2748 non
839 2697 899 2748 tam
920 2690 1102 2768 splendidum
1116 2710 1205 2768 quam
1225 2709 1312 2750 neees-

353 2783 458 2842 sarium
473 2783 612 2841 ducimus.

321 2880 338 2933 4
393 2875 468 2946 Quid
491 2881 535 2932 est
558 2874 653 2952 igitur,
669 2872 769 2930 dixerit
791 2872 863 2949 quis
886 2871 914 2928 in
934 2871 1014 2949 jure
1040 2870 1219 2948 jurando?
1243 2873 1315 2930 Num

352 2965 453 3024 iratum
464 2966 596 3024 timemus
604 2965 623 3024 J
625 2964 725 3023 ovem?
747 2964 790 3021 At
798 2963 854 3020 hoc
863 2962 978 3039 quidem
987 2981 1135 3019 commune
1145 2971 1190 3020 est
1197 2962 1318 3020 omnium

353 3056 595 3135 philosophorum,
619 3075 675 3113 nou
697 3073 796 3112 eorum
820 3052 915 3119 mode,
941 3052 989 3129 qui
1013 3052 1100 3109 deum
1122 3052 1193 3110 nihil
1217 3053 1318 3112 habere

353 3147 447 3223 ipsum
468 3147 573 3224 negotii
587 3147 693 3213 dicunt,
707 3144 774 3202 nihil
789 3143 923 3201 exhihere
937 3141 1026 3209 alteri,
1042 3141 1093 3200 sed
1114 3160 1214 3200 eorum
1229 3143 1319 3208 etiam.

353 3235 402 3312 qui
423 3235 509 3292 deum
530 3255 643 3313 semper
667 3254 752 3314 agere
773 3233 879 3311 aliquid
900 3239 930 3290 et
950 3232 1042 3290 moliri
1055 3231 1163 3301 volunt,
1179 3252 1319 3312 nunquam

322 3333 339 3384 t
353 3343 406 3383 nec
416 3325 497 3382 irasci
507 3324 602 3390 deum,
614 3343 666 3382 nec
677 3344 787 3384 nocere.
820 3322 895 3392 Quid
906 3329 1003 3380 autem
1012 3323 1102 3380 iratus
1112 3323 1131 3382 J
1132 3323 1251 3401 uppiter
1260 3324 1321 3402 plus

354 3432 456 3472 nocere
467 3414 614 3491 potuisset,
625 3434 710 3491 quam
719 3415 817 3473 nocuit
827 3413 950 3490 sibiipsa
961 3413 1090 3492 Regulus
1102 3415 1116 3470 ‘l
1138 3413 1230 3472 Nulla
1240 3414 1320 3494 igitur

323 3502 397 3562 dvis
417 3502 470 3559 suit
492 3504 641 3581 religionis,
658 3524 721 3582 quae
741 3512 853 3563 tantam
878 3503 1028 3561 utilitatem
1049 3511 1236 3581 perverteret.
1277 3505 1323 3564 aa

355 3609 391 3648 ne
405 3592 526 3669 turpiter
538 3595 667 3652 faceret?
702 3595 840 3663 Primum,
850 3593 965 3651 minima
976 3593 1012 3651 de
1022 3590 1112 3652 malis.
1146 3593 1228 3652 Num
1239 3595 1325 3674 igitur

357 3687 468 3738 tantum
481 3683 548 3740 mali
562 3685 709 3760 turpitudo
723 3686 777 3743 ista
790 3686 924 3752 habebat,
940 3691 1079 3762 quantum
1093 3685 1140 3744 ille
1154 3685 1325 3747 eruciatus?

325 3770 342 3831 'l
359 3769 470 3830 Deinde
482 3771 554 3831 illud
568 3774 652 3831 etiam
667 3776 745 3852 apud
759 3776 882 3842 Attium,

416 3904 417 3908 κ
784 3864 934 3940 Freqiate'a’
944 3864 1058 3942 fidem?

383 3956 394 3967 ’
462 3952 562 4030 Neque
575 3954 646 4023 dedi,
660 3974 747 4030 aeque
759 3957 795 4014 do
808 3957 918 4032 infideli
936 3957 1077 4032 cuiquam,
