3259 4775
493 998 497 1005 ’
594 1035 739 1111 amun
766 1038 1030 1116 sncuuuus,

686 1267 936 1278 ———

339 1424 365 1486 I.
381 1427 615 1498 Qunuauuonuu
624 1427 714 1486 officia
724 1428 895 1486 ducerentur
903 1432 939 1488 ab
948 1431 1106 1501 honestate,
1115 1431 1212 1491 Marce
1220 1433 1267 1502 fili,

297 1525 388 1596 atque
403 1520 440 1577 ab
455 1519 531 1577 omui
544 1538 649 1597 genere
659 1518 779 1586 virtutis,
795 1520 863 1577 satis
877 1521 1050 1599 explicatum
1064 1523 1184 1582 arbitror
1197 1525 1269 1583 libro

297 1609 453 1687 superiore.
495 1609 638 1688 Sequitur,
661 1617 695 1668 ut
714 1610 777 1668 haec
801 1610 956 1669 officiorum
978 1632 1083 1691 genera
1105 1622 1300 1692 persequar‚2

297 1719 367 1778 quoe
387 1701 528 1779 pertinent
549 1700 587 1758 ad
608 1700 674 1758 vitae
695 1700 812 1768 cultum,
829 1708 859 1758 et
872 1701 908 1758 ad
928 1720 1026 1760 earum
1047 1722 1151 1771 rerum,
1167 1706 1270 1781 quibus

299 1799 422 1850 ntrmtur
434 1791 569 1859 homines,
580 1790 754 1865 facultatem,
765 1791 802 1848 ad
817 1810 895 1868 opes,
905 1792 942 1849 ad
954 1792 1058 1869 copias.
1090 1794 1125 1850 In
1136 1812 1193 1870 quo
1207 1801 1269 1852 tum

297 1881 392 1959 quaen‘
405 1882 470 1950 dixi,
485 1881 554 1959 quid
567 1881 644 1949 utile,
654 1880 728 1959 ‘quid
741 1881 856 1939 inutile:
876 1888 938 1939 tum
953 1901 988 1940 ex
1002 1883 1119 1940 utilibus
1133 1882 1201 1960 quid
1215 1885 1269 1941 uti·

297 1973 364 2040 lius,
378 1978 429 2030 aut
442 1973 510 2050 quid
524 1972 645 2030 maxime
658 1972 735 2029 utile.
777 1972 821 2030 De
836 1972 938 2049 quibus
948 1973 1054 2033 ‚dicere
1071 1973 1231 2053 aggrediar,
1247 1974 1271 2032 si

298 2081 394 2142 pauca
408 2062 484 2141 prius
498 2063 535 2122 de
548 2062 676 2121 instituto
690 2081 723 2119 ac
738 2062 774 2120 de
787 2062 896 2141 judicio
910 2082 974 2121 meo
989 2063 1095 2122 dixero.

340 2153 521 2231 Quamquam
541 2154 617 2212 enim
637 2153 701 2211 libri
723 2154 812 2211 nostri
834 2154 994 2231 complures
1008 2173 1065 2211 non
1078 2154 1164 2213 modo
1178 2156 1216 2213 ad
1230 2155 1269 2213 le·
1285 2163 1302 2214 3

296 2244 456 2324 gendi,sed
467 2244 599 2302 etiamad
614 2243 753 2302 scribendi
768 2243 895 2301 studium
906 2244 1109 2312 excitaverunt,
1118 2253 1214 2303 tamen
1228 2247 1268 2303 in·

298 2334 416 2393 terdum
428 2353 534 2403 vereor,
549 2353 585 2393 ne
599 2334 769 2413 quibusdam
790 2335 871 2393 bonis
885 2335 950 2393 viris
966 2335 1153 2414 philosophiae
1167 2356 1270 2396 nomen

297 2426 336 2485 sit
351 2425 480 2494 invisum,
495 2426 695 2502 mirenturque,
709 2426 739 2483 in
760 2445 793 2483 ea
814 2432 926 2483 tantum
946 2446 993 2484 me
1007 2446 1103 2504 operae
1117 2434 1146 2485 ct
1159 2435 1269 2506 tempo·

297 2517 337 2575 ris
361 2534 474 2594 ponere.
515 2516 578 2594 Ego
598 2522 695 2573 autem
708 2535 795 2593 quam
809 2515 859 2574 diu
871 2536 917 2574 res
932 2517 1046 2595 publica
1060 2536 1112 2594 per
1125 2536 1173 2575 eos
1188 2538 1268 2597 gere·
1284 2524 1302 2577 4

297 2609 393 2674 batur,
409 2605 510 2684 quibus
526 2625 556 2663 se
569 2605 632 2683 ipsa
652 2607 839 2673 commiserat,
855 2626 952 2664 omnes
973 2626 1052 2665 meas
1067 2627 1147 2665 curas
1162 2609 1268 2687 eogita-

298 2698 447 2775 tionesque
459 2697 488 2754 in
502 2716 565 2755 eam
585 2697 773 2756 conferebam.
790 2706 793 2716 ’
816 2698 891 2755 Cum
912 2706 1008 2756 autem
1025 2698 1173 2755 dominatu
1186 2699 1269 2756 unius
1284 2710 1301 2759 5
1326 2735 1330 2741 -

297 2787 395 2847 omnia
407 2794 576 2856 tenerentur,
591 2806 683 2865 neque
700 2795 775 2845 esset
794 2808 916 2867 usquam
939 2790 1053 2847 consilio
1075 2797 1126 2847 aut
1148 2790 1268 2846 auctori·

297 2878 354 2937 tati
367 2878 454 2947 locus,
468 2877 558 2936 socios
572 2878 694 2955 denique
713 2869 829 2936 tueudae
843 2880 883 2937 rei
897 2879 1027 2956 publicae,
1043 2897 1171 2936 summos
1185 2879 1268 2947 viroS,

296 2968 470 3026 amisissem:
485 2987 537 3026 nec
547 2987 594 3027 me
604 2969 756 3047 angoribus
770 2968 875 3036 decidi,
887 2969 989 3045 quibus
1005 2988 1096 3025 essem
1111 2968 1267 3037 confectus,

297 3058 353 3117 uisi
365 3058 398 3117 iis
411 3058 584 3127 restitissem,
593 3067 645 3116 nec
655 3078 769 3116 rursum
782 3059 903 3137 indignis
917 3057 1030 3115 homine
1042 3056 1127 3115 docto
1137 3057 1268 3135 volupta-

297 3151 386 3208 tibus.
398 3151 401 3158 '
417 3150 515 3226 Atque
526 3149 635 3207 utinam
648 3168 694 3207 res
705 3149 821 3227 publica
832 3148 964 3215 stetisset,
974 3167 1032 3225 quo
1043 3154 1171 3226 coeperat
1182 3155 1268 3218 statu,
1284 3157 1300 3209 6

296 3259 354 3299 nec
363 3240 393 3297 in
401 3240 528 3297 homines
537 3259 594 3297 non
603 3247 663 3297 tam
674 3239 947 3308 commutandarum,
956 3258 1043 3316 quam
1053 3237 1269 3298 evertendarum

296 3348 397 3389 rerum
411 3328 529 3409 cupidos
546 3329 696 3388 incidisset.
737 3330 867 3387 Primum
881 3329 964 3397 enim,
979 3336 1012 3387 ut
1026 3336 1119 3387 stante
1132 3348 1163 3386 re
1177 3330 1268 3408 publi·
1284 3330 1302 3392 7

297 3440 336 3479 ca
349 3420 442 3478 iacere
455 3421 624 3488 solebamus
635 3421 664 3477 111
677 3421 789 3499 agendo
804 3421 878 3498 plus,
888 3441 975 3498 quam
989 3420 1018 3478 in
1032 3420 1190 3489 scribenda,
1203 3441 1269 3500 ope-

297 3529 343 3569 rae
363 3528 547 3587 poneremus:
569 3511 671 3569 deinde
693 3511 761 3588 ipsis
783 3511 892 3588 seriptis
912 3531 968 3568 nou
982 3530 1024 3578 ea,
1041 3530 1107 3589 quae
1119 3531 1203 3579 nuno,
1219 3513 1267 3569 sed
1336 3520 1339 3525 ’

297 3600 426 3659 actiones
439 3606 550 3657 nostras
563 3601 772 3669 mandaremus,
785 3608 818 3658 ut
832 3620 908 3678 saepe
922 3601 1050 3659 fecimus.
1084 3602 1159 3659 Cum
1173 3608 1269 3659 autem
1285 3609 1301 3659 8

297 3710 348 3749 res
362 3689 484 3767 publica,
497 3690 526 3748 in
539 3709 595 3768 qua
609 3691 698 3748 omnis
712 3710 776 3748 mea
790 3710 866 3758 cura,
882 3691 1027 3769 cogitatio,
1043 3710 1130 3769 opera
1144 3692 1211 3769 poni
1225 3710 1268 3749 so-

297 3781 388 3849 lebat,
402 3780 481 3837 nulla
501 3786 576 3838 essct
596 3781 719 3848 omnino,
734 3782 790 3838 illae
810 3779 917 3838 scilicet
938 3781 1041 3838 litterae
1064 3782 1266 3847 conticuerunt,

298 3871 428 3929 forenses
450 3877 480 3927 et
499 3871 656 3928 senatoriae.
698 3871 776 3928 Nihil
797 3890 882 3949 agere
901 3878 997 3928 autem
1012 3891 1077 3927 oum
1091 3869 1199 3928 animus
1213 3876 1301 3927 110119

300 3968 410 4043 posset,
424 3960 453 4018 in
466 3960 510 4017 his
524 3959 623 4017 studiis
638 3962 674 4017 ab
688 3960 765 4017 initio
779 3966 907 4017 versatus
922 3960 1023 4025 aetatis,
1040 3959 1203 4025 existimavi,
1218 3959 1268 4017 ho·
