3259 4775
613 418 700 458 11111111
712 419 744 458 11.
787 420 853 459 car.
870 420 938 459 xxn.
1247 405 1279 458 81

277 550 514 629 angregabantur
533 547 670 617 homines,
684 557 778 606 tamen
792 567 844 628 spe
857 550 995 610 custodiae
1010 569 1104 610 rernm
1116 567 1233 608 suarum

273 640 379 698 urbium
399 638 535 718 praesidia
554 639 731 716 quaerebant.
773 640 877 698 Danda
898 641 983 699 ctiam
1004 659 1091 719 opera
1111 647 1164 708 est,
1185 645 1285 707 110,10

270 730 344 808 quod
364 730 444 808 apud
465 730 586 807 majores
606 724 718 789 nostros
738 749 818 809 saepe
840 731 934 798 fiebat,
950 740 1066 809 propter
1085 731 1176 790 aerarii
1190 739 1230 788 te·

268 820 405 878 unitatem
426 819 677 897 assiduitatemque
698 820 847 888 bellorum,
872 822 1011 879 tributum
1030 822 1068 880 sit
1087 822 1230 880 conferen-

267 911 344 978 dum,
359 909 446 987 idque
459 929 495 968 ne
515 910 634 979 eveniat,
654 911 745 969 multo
765 920 832 969 ante
853 912 905 969 erit
926 911 1140 990 providendum.
1182 911 1232 968 Sin
1249 916 1279 968 11

265 1020 332 1079 qnae
355 1000 508 1059 necessitas
530 1000 617 1078 hujus
636 1001 760 1060 muneris
780 1001 863 1060 alicui
883 1002 922 1060 rei
941 1002 1064 1080 publicae
1078 1000 1232 1068 obvenerit,

266 1089 356 1171 (malo
370 1092 453 1160 enim,
467 1110 554 1170 quam
572 1098 678 1151 nostrae
701 1092 817 1150 ominari
826 1112 834 1160 ;
854 1111 946 1170 neque
968 1100 1063 1150 tamen
1078 1092 1114 1150 de
1127 1098 1232 1158 nostra,

265 1182 317 1241 sed
331 1183 369 1240 de
382 1183 459 1241 omni
472 1202 504 1241 re
517 1183 632 1260 publica
645 1181 774 1262 disputo)
788 1183 884 1241 danda
904 1184 958 1242 0111
977 1203 1073 1262 opera,
1088 1191 1121 1242 ut
1135 1202 1233 1243 omnes

266 1273 433 1351 intelligant,
458 1273 482 1331 si
504 1273 575 1332 salvi
598 1293 661 1332 esse
684 1274 779 1342 velint,
800 1275 961 1333 necessitati
981 1294 1044 1334 esse
1064 1275 1231 1354 parendum.
1249 1280 1286 1335 12

267 1364 367 1441 Atque
380 1363 467 1421 etiam
480 1382 585 1432 omnes,
600 1364 723 1441 quirem
743 1365 887 1442 publicam
907 1366 1117 1444 gubernabunt,
1133 1386 1233 1425 consu·

265 1453 324 1512 lare
339 1453 495 1521 debebunt,
510 1460 543 1511 ut
557 1472 656 1512 earum
675 1473 770 1513 rerum
791 1456 873 1533 copia
886 1456 930 1523 sit,
945 1476 1011 1534 quaa
1026 1463 1093 1514 sunt
1106 1477 1233 1515 necessa-
1250 1465 1285 1516 13

266 1544 325 1604 riae.
368 1544 496 1614 Quarum
516 1544 607 1621 qualis
627 1545 801 1623 comparatio
822 1546 882 1603 ficri
902 1545 992 1604 soleat
1006 1553 1036 1603 01
1049 1547 1163 1614 debeat,
1178 1566 1234 1605 11011

267 1642 311 1694 est
323 1654 442 1694 necesse
455 1634 618 1712 disputare:
639 1642 684 1693 est
705 1635 779 1693 enim
798 1635 828 1693 in
849 1642 1003 1713 promptu;
1024 1642 1137 1693 tantum
1155 1637 1236 1694 locus

266 1724 453 1803 attingendus
466 1725 528 1782 fuit.

307 1816 407 1893 Caput
427 1821 524 1873 autem
544 1823 588 1873 est
608 1815 636 1873 in
657 1816 733 1874 omni
753 1816 951 1894 procuratione
971 1816 1077 1894 negotii
1091 1824 1120 1875 et
1137 1835 1235 1874 mune·
1252 1824 1289 1875 14

267 1906 305 1963 ris
319 1904 435 1983 publici,
450 1912 483 1963 ut
496 1905 622 1964 avaritiae
637 1906 761 1984 pellatur
774 1906 860 1964 etiam
873 1906 988 1964 minima
1002 1907 1132 1985 suspicio.
1175 1907 1235 1966 Uti·
1253 1915 1287 1968 15

267 2017 343 2064 mm,
358 1996 451 2072 inquit
465 1997 498 2054 O.
513 1996 632 2054 Pontius
653 1996 774 2065 Samnis,
789 1997 895 2054 odilla
916 2006 1038 2071 tempora
1058 2018 1100 2055 me
1113 2000 1236 2074 fortuna

267 2095 440 2155 reservasset,
455 2095 481 2144 et
495 2095 649 2145 tamarcem
664 2095 758 2154 nctus,
774 2088 886 2162 quando
899 2088 1023 2145 11001αηὶ
1036 2091 1108 2146 donc
1122 2091 1239 2164 caepere

267 2175 430 2254 coepismt!
451 2197 507 2235 eon
528 2197 611 2235 essem
627 2196 732 2253 possus
750 2179 861 2235 diutins
881 2198 924 2236 eoa
943 2180 1086 2254 imperare.
1128 2181 1183 2238 Nae
1198 2181 1237 2238 illi

267 2269 361 2327 multa
383 2268 492 2326 saecula
512 2268 690 2344 expectanda
709 2267 844 2326 fuerunt:
864 2270 951 2328 modo
971 2270 1046 2327 enim
1060 2270 1114 2328 hoc
1129 2271 1237 2328 malum
1253 2277 1289 2328 16

267 2360 296 2419 in
309 2360 385 2418 hanc
398 2377 459 2417 rem
474 2358 617 2436 publicam
631 2358 739 2417 invasit.
781 2360 883 2437 Itaque
897 2360 980 2420 facile
994 2361 1094 2439 patior,
1109 2368 1172 2420 tum
1187 2381 1237 2440 po-

267 2451 327 2509 tius
349 2449 486 2508 Pontium
508 2449 604 2517 fuisse,
629 2449 768 2526 siquidem
791 2450 821 2508 111
843 2451 891 2509 illo
913 2459 1026 2510 tantum
1046 2453 1101 2510 luit
1120 2453 1237 2510 roboris.

268 2540 409 2601 Nondum
423 2545 536 2597 centum
551 2548 580 2598 01
595 2539 694 2598 decem
714 2541 779 2598 anni
798 2547 873 2610 sunt,
889 2562 955 2600 cum
969 2543 1006 2600 dc
1020 2543 1145 2620 pecuniis
1159 2562 1238 2620 repe·
1256 2541 1290 2598 1⁷

248 2634 251 2641 '
268 2630 368 2690 tundis
380 2649 400 2687 a
412 2631 445 2688 L.
460 2630 563 2687 Pisone
576 2630 635 2687 lata
648 2630 696 2688 lex
709 2637 762 2698 est,
777 2632 855 2689 nulla
868 2640 953 2689 antea
967 2652 1034 2691 cum
1046 2632 1154 2690 fuisset.
1197 2632 1240 2689 At

269 2740 340 2781 vero
361 2727 463 2798 postea
484 2726 528 2778 tot
547 2720 635 2799 leges,
650 2728 680 2779 et
694 2722 829 2798 proximae
845 2742 968 2799 quaeque
982 2721 1118 2787 duriores,
1133 2728 1177 2779 tot
1190 2722 1238 2789 rei,

270 2818 316 2871 tot
325 2810 462 2879 damnati,
471 2818 585 2870 tantum
599 2811 732 2869 Italicum
744 2812 852 2870 bellum
867 2819 985 2888 propter
996 2810 1168 2888 judiciorum
1181 2830 1240 2868 me-

271 2910 337 2961 tum
357 2900 523 2969 excitatum,
539 2907 626 2969 tauta,
646 2902 765 2960 sublatis
787 2901 899 2979 legibus
919 2908 948 2958 01
966 2900 1087 2978 judiciis,
1109 2900 1242 2978 expilatio

272 2991 453 3069 direptioque
475 2991 624 3059 sociorum,
645 2998 679 3049 ut
701 2992 892 3050 imbecillitate
915 2991 1042 3060 aliorum,
1065 3010 1122 3048 non
1145 2999 1242 3050 nostra

273 3083 379 3141 virtute
392 3097 546 3140 valeamus
650 3113 653 3117 ·

314 3263 411 3322 XXII.
432 3263 545 3321 Laudat
555 3263 722 3322 Africanum
736 3263 891 3333 Panaetius,
901 3263 978 3342 quod
992 3263 1077 3321 fuerit
1091 3265 1242 3323 abstinens.

218 3322 383 3445 ,standai
401 3353 525 3412 laudet?
545 3355 597 3413 sed
617 3355 645 3412 in
665 3354 713 3413 illo
734 3355 788 3413 alia
809 3355 928 3432 majora.
969 3354 1046 3412 Laus
1067 3355 1244 3413 abstinentiae

256 3416 264 3483 l
347 3444 468 3503 bominis
482 3451 526 3502 est
540 3445 641 3513 solum,
657 3445 709 3503 sed
723 3445 809 3503 etiam
822 3452 984 3522 temporum
996 3445 1118 3503 illorum.
1161 3444 1275 3502 Omni2

218 3490 270 3557 s,
326 3522 331 3527 .

310 3533 469 3593 aeedonum
482 3554 561 3614 gaza,
577 3555 642 3612 quae
657 3535 710 3593 fuit
724 3536 855 3602 maxima,
872 3535 980 3613 potitus
999 3535 1119 3593 Paullus
1132 3541 1244 3591 tantum

329 3625 461 3683 erarium
486 3625 615 3702 pecuniae
638 3625 752 3694 invexit,
777 3633 811 3684 ut
834 3627 917 3684 unius
941 3625 1121 3705 imperatoris
1146 3623 1246 3702 praeda

298 3708 317 3725 ”
369 3715 506 3774 'attulerit
519 3716 707 3774 tributorum:
728 3723 759 3774 at
772 3717 818 3776 1110
832 3717 901 3776 nihil
921 3718 1038 3776 domum
1058 3734 1139 3774 suam
1153 3712 1247 3771 intulit

218 3808 386 3939 ΑΨ
405 3806 570 3864 memoriam
592 3805 711 3864 nominis
733 3806 942 3885 sempiternam.
984 3806 1116 3864 Imitatus
1136 3808 1279 3881 patrem3

238 3908 250 3927 1
309 3906 326 3945 a
335 3906 382 3995 a]
1286 3915 1291 3926 .

218 3682 233 3725 Ι
