3259 4775
659 500 746 539 mnan
759 499 802 539 nr.
844 501 911 541 cnr.
926 501 970 540 111.
1171 518 1173 528 ·
1292 488 1329 542 89

306 631 375 710 quin
384 649 533 709 nunquam
544 630 634 709 possit
644 630 750 688 utilitas
761 650 826 687 cum
837 631 986 688 honestate
997 631 1175 690 contendere.
1218 632 1275 690 Ita-
1291 639 1308 690 3

306 740 365 801 que
376 721 548 799 accepimus,
563 720 710 779 Socratem
731 721 857 778 execrari
877 720 993 778 solitum
1006 740 1064 789 eos,
1083 722 1132 799 qui
1153 723 1276 800 primum

305 812 378 880 haec,
391 818 496 869 natura
509 810 688 877 coherentia,
704 810 834 888 opinione
848 810 1051 869 distraxissent.
1093 811 1147 869 Cui
1160 811 1276 890 quidem
1291 818 1308 871 4

305 903 348 962 ita
370 909 441 960 sunt
464 900 553 960 Stoici
576 901 692 968 assensi,
706 907 740 958 ut
764 908 794 958 et
818 901 952 978 quicquid
976 902 1127 959 honestum
1148 910 1231 971 esset,
1246 904 1275 961 id

305 993 377 1052 utile
399 1011 462 1050 esse
485 997 650 1059 censerent;
672 1009 726 1049 nec
748 991 818 1048 utile
839 991 1000 1068 quicquam,
1015 992 1093 1068 quod
1114 1012 1170 1050 non
1190 994 1276 1052 hone-

305 1088 394 1141 stum.
437 1081 547 1151 Quodsi
560 1082 584 1139 is
598 1088 673 1138 esset
687 1081 841 1149 Panaetius
856 1082 904 1158 qui
917 1081 1052 1139 virtutem
1065 1090 1216 1159 propterea
1230 1103 1276 1141 co·
1291 1093 1308 1142 5

306 1172 424 1232 lendum
444 1172 559 1239 diceret,
574 1171 652 1249 quod
673 1191 707 1230 ea
729 1171 852 1229 efficiens
875 1172 1005 1229 utilitatis
1028 1179 1119 1239 esset;
1140 1179 1173 1230 ut
1186 1172 1213 1240 ii,
1228 1173 1277 1250 qui

306 1262 544 1340 res'expetendas
552 1262 599 1319 vel
611 1262 759 1339 voluptate
767 1261 813 1319 vel
828 1261 982 1319 indolentia
996 1262 1165 1321 metiuntur:
1180 1263 1278 1322 liceret

306 1354 333 1412 oi
346 1353 451 1428 dicere,
465 1352 617 1411 utilitatem
639 1352 794 1429 aliquando
807 1371 874 1410 oum
887 1352 1038 1410 honestate
1058 1373 1195 1432 pugnare.
1218 1354 1276 1412 Sed
1291 1360 1309 1413 6

307 1463 374 1502 cum
387 1443 425 1501 sit
437 1443 470 1510 is,
485 1443 534 1520 qui
552 1440 583 1500 id
603 1442 697 1501 solum
710 1442 818 1499 bonum
830 1442 950 1519 judicet,
966 1442 1044 1520 quod
1058 1444 1209 1502 honestum
1223 1445 1276 1514 sit;

307 1552 373 1611 qaae
393 1539 491 1590 autem
511 1533 578 1590 lruic
602 1538 764 1610 repugnent
778 1532 873 1610 specie
887 1533 1012 1609 quadam
1025 1535 1162 1603 utilitatis,
1178 1554 1277 1594 eorum

306 1639 402 1701 neque
422 1622 584 1680 accessione
603 1623 749 1680 meliorem
763 1622 852 1679 vitam
873 1623 940 1690 fieri,
955 1642 1007 1680 nec
1022 1622 1184 1682 decessione
1199 1626 1277 1703 pejo-

305 1731 386 1772 rem:
407 1731 465 1770 non
478 1712 590 1771 videtur
611 1713 674 1790 ejus
695 1713 773 1771 modi
796 1712 927 1770 debuisse
948 1712 1178 1771 deliberationem
1191 1715 1277 1773 intro-

308 1804 424 1872 ducere,
438 1803 467 1861 in
480 1822 546 1881 qua,
560 1802 638 1881 quod
652 1803 721 1861 utile
735 1803 887 1870 videretur,
901 1823 966 1860 cum
981 1822 1023 1869 eo,
1035 1803 1113 1880 quod
1126 1803 1278 1862 honestum

309 1901 362 1962 est,
369 1900 593 1972 compararetur.
614 1893 728 1951 Etenim
737 1894 815 1971 quod
827 1913 971 1951 summum
982 1893 1090 1951 bonum
1099 1912 1116 1950 a
1125 1889 1226 1951 Stoicis
1235 1894 1276 1952 di·
1293 1896 1309 1954 7

288 2029 291 2035 -
308 1986 391 2053 citur,
399 1985 605 2044 convenienter
624 1991 734 2042 nature
747 1984 851 2052 vivere,
865 1984 894 2040 id
915 1984 1003 2042 habet
1023 1983 1106 2052 hanc,
1123 1990 1156 2041 ut
1169 1984 1277 2061 opinor,

308 2075 488 2142 sententiam,
510 2063 579 2133 curn
600 2074 705 2132 virtute
727 2093 885 2152 congruere
907 2093 1036 2151 semper;
1057 2081 1151 2132 cetera
1171 2081 1276 2143 autem,

309 2185 375 2244 quae
389 2165 548 2224 secundum
567 2172 700 2222 naturam
721 2171 825 2232 essent,
839 2165 879 2221 ita
900 2165 1005 2243 legere,
1020 2165 1044 2222 si
1058 2184 1091 2223 ea
1105 2165 1202 2223 virtuti
1221 2186 1278 2224 non

308 2263 514 2336 repugnarent.
557 2254 642 2324 Quod
657 2275 723 2313 cum
741 2256 782 2312 ita
795 2255 840 2322 sit,
856 2262 959 2332 putant
973 2256 1098 2333 quidam,
1114 2256 1188 2313 hanc
1202 2276 1277 2314 com·
1293 2264 1310 2315 8

308 2347 486 2427 parationem
497 2364 556 2404 non
569 2352 647 2404 recte
661 2345 862 2415 introductam,
878 2365 930 2405 neo
945 2347 1057 2405 omnino
1072 2346 1108 2404 de
1122 2365 1156 2404 co
1171 2364 1277 2424 genere

308 2438 463 2517 quicquam
478 2436 703 2515 praecipiendum
717 2437 812 2494 fuisse.

346 2528 449 2606 Atque
468 2527 539 2585 illud
559 2528 674 2604 quidem
694 2528 856 2594 honestum,
871 2528 949 2604 quod
970 2529 1084 2605 proprie
1099 2528 1277 2604 verequedi-
1293 2535 1310 2586 9

309 2619 392 2688 citur,
405 2618 436 2677 id
456 2619 486 2675 in
505 2618 680 2696 sapientibus
700 2624 745 2675 est
765 2619 841 2686 solis,
855 2637 949 2695 neque
968 2620 1103 2677 avirtute
1118 2620 1212 2678 divelli
1226 2640 1277 2677 un-

310 2728 396 2787 quam
409 2715 514 2786 potest.
554 2707 590 2766 In
602 2708 635 2766 iis
649 2714 754 2776 autem,
770 2709 799 2765 in
813 2709 916 2785 quibus
931 2709 1067 2787 sapientia
1082 2712 1208 2787 perfecta
1221 2729 1278 2767 non

310 2806 361 2867 est,
371 2799 469 2877 ipsum
482 2798 553 2856 illud
567 2798 683 2875 quidem
699 2799 860 2876 perlectum
873 2800 1024 2857 honestum
1039 2801 1118 2857 nullo
1131 2800 1226 2866 modo,
1241 2800 1277 2857 si·

310 2889 481 2949 militudines
501 2889 613 2947 honesti
633 2908 695 2947 esse
716 2896 845 2966 possunt.
887 2889 959 2947 Haec
977 2889 1052 2960 enirn
1071 2889 1165 2947 omnia
1178 2889 1276 2956 officia,
1295 2896 1332 2948 10

310 2978 465 3058 dequibus
479 2979 522 3038 his
536 2979 616 3037 libris
632 2978 821 3057 disputamus
836 2978 930 3036 media
951 2978 1039 3036 Stoici
1059 2979 1223 3056 appellant:
1245 2998 1279 3037 ea

311 3069 471 3129 communia
484 3077 558 3138 sunt,
571 3078 600 3127 et
612 3070 670 3127 late
684 3076 803 3147 patent:
819 3088 885 3147 quae
895 3075 924 3126 et
938 3068 1043 3146 ingenii
1056 3069 1182 3127 bonitate
1196 3069 1279 3127 multi

310 3167 500 3238 assequuntur
513 3166 543 3218 et
556 3160 753 3238 progressione
768 3159 903 3219 discendi.
946 3159 1023 3217 Illud
1038 3166 1135 3217 autem
1146 3160 1277 3227 officium,
1295 3166 1330 3217 11

312 3251 387 3328 quod
400 3257 513 3308 rectum
525 3250 610 3308 iidem
620 3250 774 3327 appellant,
785 3250 943 3327 perfectum
953 3258 1038 3328 atque
1049 3250 1211 3308 absolutum
1226 3257 1278 3319 est,

312 3349 346 3409 et,
360 3348 395 3399 ut
417 3339 503 3398 iidem
518 3340 625 3409 dicunt,
641 3359 740 3398 omnes
759 3359 893 3398 numeros
912 3341 1019 3408 habet;
1040 3361 1101 3407 nec,
1117 3347 1222 3418 praeter
1235 3360 1279 3399 sa·

312 3431 443 3508 piantem,
460 3430 561 3488 cadere
581 3431 609 3488 in
623 3449 796 3507 quemquam
818 3437 922 3507 potest.
965 3431 1040 3488 Cum
1062 3437 1159 3489 autem
1173 3432 1278 3509 aliquid
1296 3438 1331 3490 12

312 3529 406 3580 ectum
424 3527 477 3588 est,
492 3521 592 3598 inquo
610 3521 703 3578 media
722 3520 813 3579 officia
832 3527 1021 3598 compareant,
1035 3521 1066 3578 id
1085 3522 1227 3580 cumulate
1240 3523 1279 3580 vi·

313 3609 395 3669 detur
418 3629 481 3668 esse
501 3611 668 3688 perfectum,
691 3616 844 3688 propterea
862 3610 940 3687 quod
955 3611 1066 3689 vulgus
1082 3612 1151 3688 quid
1169 3613 1243 3671 absit
1262 3633 1280 3670 a

313 3701 519 3777 perfectuum
539 3701 600 3758 fere
621 3700 760 3779 intelligit,
775 3709 915 3776 quatenus
936 3708 1032 3759 autem
1052 3702 1191 3780 intelligit,
1212 3702 1280 3758 nihil

313 3798 395 3869 putat
415 3792 650 3869 pretermissum.
693 3791 777 3859 Quod
798 3790 875 3849 idem
895 3791 923 3847 in
944 3793 1092 3868 poematis,
1114 3791 1141 3848 in
1163 3791 1280 3868 picturis
1297 3797 1332 3848 18

314 3898 366 3941 usu
385 3881 473 3951 venit,
493 3882 522 3939 in
542 3882 661 3960 olimque
682 3881 886 3959 compluribus,
906 3887 940 3939 ut
958 3881 1137 3939 delectentur
1160 3880 1280 3956 imperiti

920 4164 935 4192 N
