<?xml version="1.0" encoding="UTF-8"?>
<!DOCTYPE html PUBLIC "-//W3C//DTD XHTML 1.0 Transitional//EN"
    "http://www.w3.org/TR/xhtml1/DTD/xhtml1-transitional.dtd">
<html xmlns="http://www.w3.org/1999/xhtml" xml:lang="en" lang="en">
 <head>
  <title>
</title>
<meta http-equiv="Content-Type" content="text/html;charset=utf-8" />
  <meta name='ocr-system' content='tesseract 3.04.00' />
  <meta name='ocr-capabilities' content='ocr_page ocr_carea ocr_par ocr_line ocrx_word'/>
</head>
<body>
  <div class='ocr_page' id='page_1' title='image "./mtulliiciceroni00thacgoog_0091.png"; bbox 0 0 3259 4775; ppageno 0'>
   <div class='ocr_carea' id='block_1_1' title="bbox 609 601 1289 653">
    <p class='ocr_par' dir='ltr' id='par_1_1' title="bbox 609 601 1289 653">
     <span class='ocr_line' id='line_1_1' title="bbox 609 601 1289 653; baseline 0.006 -4"><span class='ocrx_word' id='word_1_1' title='bbox 609 611 695 650; x_wconf 82' lang='lat' dir='ltr'>nraxn</span> <span class='ocrx_word' id='word_1_2' title='bbox 709 613 741 652; x_wconf 89' lang='lat'>11.</span> <span class='ocrx_word' id='word_1_3' title='bbox 784 613 851 652; x_wconf 78' lang='lat' dir='ltr'>ear.</span> <span class='ocrx_word' id='word_1_4' title='bbox 868 614 948 652; x_wconf 87' lang='lat' dir='ltr'>xxru.</span> <span class='ocrx_word' id='word_1_5' title='bbox 1251 601 1289 653; x_wconf 79' lang='lat'>88</span> 
     </span>
    </p>
   </div>
   <div class='ocr_carea' id='block_1_2' title="bbox 223 736 1266 911">
    <p class='ocr_par' dir='ltr' id='par_1_2' title="bbox 223 736 1266 911">
     <span class='ocr_line' id='line_1_2' title="bbox 285 736 1236 822; baseline 0.002 -22"><span class='ocrx_word' id='word_1_6' title='bbox 285 736 356 796; x_wconf 61' lang='lat' dir='ltr'>mhi</span> <span class='ocrx_word' id='word_1_7' title='bbox 372 741 529 810; x_wconf 76' lang='lat' dir='ltr'>existerent,</span> <span class='ocrx_word' id='word_1_8' title='bbox 552 749 583 800; x_wconf 93' lang='lat' dir='ltr'>et</span> <span class='ocrx_word' id='word_1_9' title='bbox 602 742 754 820; x_wconf 74' lang='lat' dir='ltr'><strong>optimates</strong></span> <span class='ocrx_word' id='word_1_10' title='bbox 776 744 1039 812; x_wconf 81' lang='lat' dir='ltr'>exterminarentur,</span> <span class='ocrx_word' id='word_1_11' title='bbox 1064 751 1094 802; x_wconf 92' lang='lat' dir='ltr'>et</span> <span class='ocrx_word' id='word_1_12' title='bbox 1119 744 1236 822; x_wconf 84' lang='lat' dir='ltr'>praecla-</span> 
     </span>
     <span class='ocr_line' id='line_1_3' title="bbox 223 829 1266 911; baseline 0.003 -22"><span class='ocrx_word' id='word_1_13' title='bbox 223 857 226 866; x_wconf 94' lang='lat'>·</span> <span class='ocrx_word' id='word_1_14' title='bbox 285 829 377 889; x_wconf 59' lang='lat' dir='ltr'>mure</span> <span class='ocrx_word' id='word_1_15' title='bbox 389 832 542 890; x_wconf 86' lang='lat' dir='ltr'>constituta</span> <span class='ocrx_word' id='word_1_16' title='bbox 554 851 601 890; x_wconf 87' lang='lat' dir='ltr'>res</span> <span class='ocrx_word' id='word_1_17' title='bbox 613 832 728 910; x_wconf 88' lang='lat' dir='ltr'>publica</span> <span class='ocrx_word' id='word_1_18' title='bbox 741 833 921 891; x_wconf 76' lang='lat' dir='ltr'>dilaberetur.</span> <span class='ocrx_word' id='word_1_19' title='bbox 957 835 1018 893; x_wconf 81' lang='lat' dir='ltr'>Nec</span> <span class='ocrx_word' id='word_1_20' title='bbox 1034 853 1101 892; x_wconf 84' lang='lat' dir='ltr'>rere</span> <span class='ocrx_word' id='word_1_21' title='bbox 1115 834 1178 911; x_wconf 88' lang='lat' dir='ltr'>ipsa</span> <span class='ocrx_word' id='word_1_22' title='bbox 1191 853 1235 892; x_wconf 88' lang='lat' dir='ltr'>so-</span> <span class='ocrx_word' id='word_1_23' title='bbox 1251 841 1266 892; x_wconf 77' lang='lat' dir='ltr'>S</span> 
     </span>
    </p>
   </div>
   <div class='ocr_carea' id='block_1_3' title="bbox 222 900 1287 4071">
    <p class='ocr_par' dir='ltr' id='par_1_3' title="bbox 222 900 1287 4071">
     <span class='ocr_line' id='line_1_4' title="bbox 285 900 1236 1003; baseline 0.002 -23"><span class='ocrx_word' id='word_1_24' title='bbox 285 900 335 974; x_wconf 63' lang='lat'>¹⁰11}</span> <span class='ocrx_word' id='word_1_25' title='bbox 353 922 457 991; x_wconf 91' lang='lat' dir='ltr'>cecidit,</span> <span class='ocrx_word' id='word_1_26' title='bbox 472 922 624 981; x_wconf 83' lang='lat' dir='ltr'>sedetiam</span> <span class='ocrx_word' id='word_1_27' title='bbox 645 920 784 1000; x_wconf 86' lang='lat' dir='ltr'>reliquam</span> <span class='ocrx_word' id='word_1_28' title='bbox 806 924 947 982; x_wconf 78' lang='lat' dir='ltr'>Graeciam</span> <span class='ocrx_word' id='word_1_29' title='bbox 967 925 1068 983; x_wconf 77' lang='lat' dir='ltr'>evertit</span> <span class='ocrx_word' id='word_1_30' title='bbox 1090 925 1236 1003; x_wconf 85' lang='lat' dir='ltr'>contagio·</span> 
     </span>
     <span class='ocr_line' id='line_1_5' title="bbox 222 996 1236 1091; baseline 0.002 -23"><span class='ocrx_word' id='word_1_31' title='bbox 222 1023 225 1034; x_wconf 87' lang='lat'>&#39;</span> <span class='ocrx_word' id='word_1_32' title='bbox 285 996 354 1068; x_wconf 63' lang='lat' dir='ltr'>tibus</span> <span class='ocrx_word' id='word_1_33' title='bbox 372 1013 521 1080; x_wconf 85' lang='lat' dir='ltr'>malorum,</span> <span class='ocrx_word' id='word_1_34' title='bbox 544 1031 611 1090; x_wconf 82' lang='lat' dir='ltr'>quae</span> <span class='ocrx_word' id='word_1_35' title='bbox 635 1031 654 1070; x_wconf 87' lang='lat' dir='ltr'>a</span> <span class='ocrx_word' id='word_1_36' title='bbox 679 1012 904 1072; x_wconf 74' lang='lat' dir='ltr'>Lacedaemoniis</span> <span class='ocrx_word' id='word_1_37' title='bbox 927 1015 1062 1091; x_wconf 75' lang='lat' dir='ltr'>profectas</span> <span class='ocrx_word' id='word_1_38' title='bbox 1086 1023 1236 1072; x_wconf 88' lang='lat' dir='ltr'>manarunt</span> 
     </span>
     <span class='ocr_line' id='line_1_6' title="bbox 282 1082 1267 1172; baseline 0.006 -16"><span class='ocrx_word' id='word_1_39' title='bbox 282 1082 360 1159; x_wconf 72' lang='lat' dir='ltr'>latin.</span> <span class='ocrx_word' id='word_1_40' title='bbox 399 1102 500 1172; x_wconf 80' lang='lat' dir='ltr'>Quid?</span> <span class='ocrx_word' id='word_1_41' title='bbox 527 1110 639 1161; x_wconf 89' lang='lat' dir='ltr'>nostros</span> <span class='ocrx_word' id='word_1_42' title='bbox 662 1103 818 1171; x_wconf 85' lang='lat' dir='ltr'>Gracchos,</span> <span class='ocrx_word' id='word_1_43' title='bbox 841 1104 880 1161; x_wconf 89' lang='lat' dir='ltr'>Ti.</span> <span class='ocrx_word' id='word_1_44' title='bbox 906 1105 1036 1172; x_wconf 81' lang='lat' dir='ltr'>Gracchi,</span> <span class='ocrx_word' id='word_1_45' title='bbox 1052 1105 1156 1163; x_wconf 91' lang='lat' dir='ltr'>summi</span> <span class='ocrx_word' id='word_1_46' title='bbox 1177 1105 1267 1172; x_wconf 84' lang='lat' dir='ltr'>riri,t</span> 
     </span>
     <span class='ocr_line' id='line_1_7' title="bbox 284 1175 1236 1272; baseline 0.006 -26"><span class='ocrx_word' id='word_1_47' title='bbox 284 1175 348 1259; x_wconf 74' lang='lat' dir='ltr'>filies,</span> <span class='ocrx_word' id='word_1_48' title='bbox 368 1191 497 1252; x_wconf 80' lang='lat' dir='ltr'>Africani</span> <span class='ocrx_word' id='word_1_49' title='bbox 524 1201 652 1270; x_wconf 88' lang='lat' dir='ltr'>nepotes,</span> <span class='ocrx_word' id='word_1_50' title='bbox 673 1212 766 1250; x_wconf 93' lang='lat' dir='ltr'>nonne</span> <span class='ocrx_word' id='word_1_51' title='bbox 787 1194 908 1272; x_wconf 74' lang='lat' dir='ltr'>agraria&gt;</span> <span class='ocrx_word' id='word_1_52' title='bbox 929 1194 1122 1252; x_wconf 89' lang='lat' dir='ltr'>contentiones</span> <span class='ocrx_word' id='word_1_53' title='bbox 1144 1195 1236 1271; x_wconf 91' lang='lat' dir='ltr'>perdi-</span> 
     </span>
     <span class='ocr_line' id='line_1_8' title="bbox 279 1267 1268 1362; baseline 0.003 -22"><span class='ocrx_word' id='word_1_54' title='bbox 279 1267 390 1342; x_wconf 67' lang='lat' dir='ltr'>derunt?</span> <span class='ocrx_word' id='word_1_55' title='bbox 419 1283 464 1341; x_wconf 87' lang='lat' dir='ltr'>At</span> <span class='ocrx_word' id='word_1_56' title='bbox 478 1302 546 1340; x_wconf 86' lang='lat' dir='ltr'>vero</span> <span class='ocrx_word' id='word_1_57' title='bbox 558 1284 669 1348; x_wconf 80' lang='lat' dir='ltr'>Aratus</span> <span class='ocrx_word' id='word_1_58' title='bbox 683 1283 832 1361; x_wconf 84' lang='lat' dir='ltr'>Sicyonius</span> <span class='ocrx_word' id='word_1_59' title='bbox 851 1284 917 1361; x_wconf 89' lang='lat' dir='ltr'>jure</span> <span class='ocrx_word' id='word_1_60' title='bbox 940 1284 1083 1352; x_wconf 89' lang='lat' dir='ltr'>laudatur,</span> <span class='ocrx_word' id='word_1_61' title='bbox 1098 1285 1155 1362; x_wconf 93' lang='lat' dir='ltr'>qui,</span> <span class='ocrx_word' id='word_1_62' title='bbox 1171 1304 1236 1342; x_wconf 90' lang='lat' dir='ltr'>cum</span> <span class='ocrx_word' id='word_1_63' title='bbox 1251 1293 1268 1344; x_wconf 78' lang='lat' dir='ltr'>a</span> 
     </span>
     <span class='ocr_line' id='line_1_9' title="bbox 277 1369 1236 1452; baseline 0 -20"><span class='ocrx_word' id='word_1_64' title='bbox 277 1369 330 1448; x_wconf 65' lang='lat' dir='ltr'>eju</span> <span class='ocrx_word' id='word_1_65' title='bbox 351 1374 448 1434; x_wconf 74' lang='lat' dir='ltr'>civitas</span> <span class='ocrx_word' id='word_1_66' title='bbox 472 1373 679 1451; x_wconf 83' lang='lat' dir='ltr'>quinquaginta</span> <span class='ocrx_word' id='word_1_67' title='bbox 698 1391 788 1430; x_wconf 91' lang='lat' dir='ltr'>annos</span> <span class='ocrx_word' id='word_1_68' title='bbox 807 1392 826 1430; x_wconf 89' lang='lat' dir='ltr'>a</span> <span class='ocrx_word' id='word_1_69' title='bbox 846 1376 973 1451; x_wconf 88' lang='lat' dir='ltr'>tyrannis</span> <span class='ocrx_word' id='word_1_70' title='bbox 997 1383 1149 1442; x_wconf 91' lang='lat' dir='ltr'>teneretur,</span> <span class='ocrx_word' id='word_1_71' title='bbox 1172 1394 1236 1452; x_wconf 88' lang='lat' dir='ltr'>prc-</span> 
     </span>
     <span class='ocr_line' id='line_1_10' title="bbox 273 1455 1234 1544; baseline 0 -22"><span class='ocrx_word' id='word_1_72' title='bbox 273 1455 356 1524; x_wconf 73' lang='lat' dir='ltr'>sactus</span> <span class='ocrx_word' id='word_1_73' title='bbox 369 1464 460 1544; x_wconf 82' lang='lat' dir='ltr'>Argis</span> <span class='ocrx_word' id='word_1_74' title='bbox 473 1463 635 1541; x_wconf 86' lang='lat' dir='ltr'>Sicyonem,</span> <span class='ocrx_word' id='word_1_75' title='bbox 651 1463 828 1521; x_wconf 90' lang='lat' dir='ltr'>clandestino</span> <span class='ocrx_word' id='word_1_76' title='bbox 847 1465 964 1523; x_wconf 90' lang='lat' dir='ltr'>introitu</span> <span class='ocrx_word' id='word_1_77' title='bbox 977 1467 1047 1524; x_wconf 91' lang='lat' dir='ltr'>urbe</span> <span class='ocrx_word' id='word_1_78' title='bbox 1062 1474 1105 1523; x_wconf 90' lang='lat' dir='ltr'>est</span> <span class='ocrx_word' id='word_1_79' title='bbox 1120 1467 1234 1544; x_wconf 89' lang='lat' dir='ltr'>potitus.</span> 
     </span>
     <span class='ocr_line' id='line_1_11' title="bbox 274 1551 1236 1636; baseline 0.004 -28"><span class='ocrx_word' id='word_1_80' title='bbox 274 1551 395 1633; x_wconf 73' lang='lat' dir='ltr'>(tumque</span> <span class='ocrx_word' id='word_1_81' title='bbox 408 1562 563 1633; x_wconf 88' lang='lat' dir='ltr'>tyrannum</span> <span class='ocrx_word' id='word_1_82' title='bbox 576 1553 723 1612; x_wconf 80' lang='lat' dir='ltr'>Nicoclem</span> <span class='ocrx_word' id='word_1_83' title='bbox 743 1554 897 1632; x_wconf 79' lang='lat' dir='ltr'>improvis0</span> <span class='ocrx_word' id='word_1_84' title='bbox 911 1557 1106 1636; x_wconf 84' lang='lat' dir='ltr'>oppressisset,</span> <span class='ocrx_word' id='word_1_85' title='bbox 1122 1575 1236 1615; x_wconf 84' lang='lat' dir='ltr'>sexcen-</span> 
     </span>
     <span class='ocr_line' id='line_1_12' title="bbox 272 1643 1235 1724; baseline 0.001 -21"><span class='ocrx_word' id='word_1_86' title='bbox 272 1653 310 1703; x_wconf 81' lang='lat' dir='ltr'>tos</span> <span class='ocrx_word' id='word_1_87' title='bbox 322 1646 429 1714; x_wconf 82' lang='lat' dir='ltr'>exules,</span> <span class='ocrx_word' id='word_1_88' title='bbox 444 1644 494 1722; x_wconf 91' lang='lat' dir='ltr'>qui</span> <span class='ocrx_word' id='word_1_89' title='bbox 504 1643 721 1723; x_wconf 82' lang='lat' dir='ltr'>locupletissimi</span> <span class='ocrx_word' id='word_1_90' title='bbox 741 1645 856 1703; x_wconf 84' lang='lat' dir='ltr'>fuerant</span> <span class='ocrx_word' id='word_1_91' title='bbox 878 1645 940 1724; x_wconf 89' lang='lat' dir='ltr'>ejus</span> <span class='ocrx_word' id='word_1_92' title='bbox 961 1647 1089 1714; x_wconf 80' lang='lat' dir='ltr'>civitatis,</span> <span class='ocrx_word' id='word_1_93' title='bbox 1105 1647 1235 1713; x_wconf 90' lang='lat' dir='ltr'>restituit,</span> 
     </span>
     <span class='ocr_line' id='line_1_13' title="bbox 270 1735 1268 1814; baseline 0 -20"><span class='ocrx_word' id='word_1_94' title='bbox 270 1753 381 1814; x_wconf 79' lang='lat' dir='ltr'>remque</span> <span class='ocrx_word' id='word_1_95' title='bbox 395 1735 539 1813; x_wconf 84' lang='lat' dir='ltr'>publicam</span> <span class='ocrx_word' id='word_1_96' title='bbox 553 1735 681 1793; x_wconf 83' lang='lat' dir='ltr'>adventu</span> <span class='ocrx_word' id='word_1_97' title='bbox 693 1754 746 1793; x_wconf 93' lang='lat' dir='ltr'>suc</span> <span class='ocrx_word' id='word_1_98' title='bbox 759 1735 897 1794; x_wconf 90' lang='lat' dir='ltr'>liberavit.</span> <span class='ocrx_word' id='word_1_99' title='bbox 941 1736 1000 1794; x_wconf 85' lang='lat' dir='ltr'>Sed</span> <span class='ocrx_word' id='word_1_100' title='bbox 1015 1757 1081 1794; x_wconf 92' lang='lat' dir='ltr'>eum</span> <span class='ocrx_word' id='word_1_101' title='bbox 1102 1756 1236 1814; x_wconf 84' lang='lat' dir='ltr'>magnam</span> <span class='ocrx_word' id='word_1_102' title='bbox 1251 1743 1268 1794; x_wconf 79' lang='grc' dir='ltr'><strong>θ</strong></span> 
     </span>
     <span class='ocr_line' id='line_1_14' title="bbox 266 1825 1237 1904; baseline -0.004 -18"><span class='ocrx_word' id='word_1_103' title='bbox 266 1826 502 1886; x_wconf 78' lang='lat' dir='ltr'>animadverteret</span> <span class='ocrx_word' id='word_1_104' title='bbox 513 1825 543 1882; x_wconf 93' lang='lat' dir='ltr'>in</span> <span class='ocrx_word' id='word_1_105' title='bbox 556 1826 638 1884; x_wconf 92' lang='lat' dir='ltr'>bonis</span> <span class='ocrx_word' id='word_1_106' title='bbox 656 1832 686 1883; x_wconf 93' lang='lat' dir='ltr'>et</span> <span class='ocrx_word' id='word_1_107' title='bbox 699 1826 925 1904; x_wconf 90' lang='lat' dir='ltr'>possessionibus</span> <span class='ocrx_word' id='word_1_108' title='bbox 940 1826 1150 1892; x_wconf 70' lang='lat' dir='ltr'>difficultatem,</span> <span class='ocrx_word' id='word_1_109' title='bbox 1159 1826 1237 1903; x_wconf 88' lang='lat' dir='ltr'>quod</span> 
     </span>
     <span class='ocr_line' id='line_1_15' title="bbox 266 1915 1235 1994; baseline -0.002 -19"><span class='ocrx_word' id='word_1_110' title='bbox 266 1925 293 1975; x_wconf 84' lang='lat' dir='ltr'>et</span> <span class='ocrx_word' id='word_1_111' title='bbox 306 1935 364 1984; x_wconf 92' lang='lat' dir='ltr'>eos,</span> <span class='ocrx_word' id='word_1_112' title='bbox 380 1935 453 1994; x_wconf 90' lang='lat' dir='ltr'>quos</span> <span class='ocrx_word' id='word_1_113' title='bbox 466 1915 529 1994; x_wconf 91' lang='lat' dir='ltr'>ipse</span> <span class='ocrx_word' id='word_1_114' title='bbox 542 1916 715 1984; x_wconf 83' lang='lat' dir='ltr'>restituerat,</span> <span class='ocrx_word' id='word_1_115' title='bbox 730 1936 853 1993; x_wconf 92' lang='lat' dir='ltr'>quorum</span> <span class='ocrx_word' id='word_1_116' title='bbox 874 1917 950 1974; x_wconf 89' lang='lat' dir='ltr'>bona</span> <span class='ocrx_word' id='word_1_117' title='bbox 972 1916 1019 1973; x_wconf 92' lang='lat' dir='ltr'>alii</span> <span class='ocrx_word' id='word_1_118' title='bbox 1041 1916 1235 1993; x_wconf 84' lang='lat' dir='ltr'>possederant,</span> 
     </span>
     <span class='ocr_line' id='line_1_16' title="bbox 264 2006 1232 2088; baseline -0.001 -24"><span class='ocrx_word' id='word_1_119' title='bbox 264 2026 348 2088; x_wconf 82' lang='lat' dir='ltr'>egere</span> <span class='ocrx_word' id='word_1_120' title='bbox 361 2006 569 2084; x_wconf 88' lang='lat' dir='ltr'>iniquissimum</span> <span class='ocrx_word' id='word_1_121' title='bbox 589 2024 652 2064; x_wconf 91' lang='lat' dir='ltr'>esse</span> <span class='ocrx_word' id='word_1_122' title='bbox 672 2006 873 2074; x_wconf 86' lang='lat' dir='ltr'>arbitrabatur,</span> <span class='ocrx_word' id='word_1_123' title='bbox 888 2015 918 2064; x_wconf 89' lang='lat' dir='ltr'>et</span> <span class='ocrx_word' id='word_1_124' title='bbox 932 2006 1136 2084; x_wconf 80' lang='lat' dir='ltr'>quinquaginta</span> <span class='ocrx_word' id='word_1_125' title='bbox 1150 2025 1232 2063; x_wconf 89' lang='lat' dir='ltr'>anno·</span> 
     </span>
     <span class='ocr_line' id='line_1_17' title="bbox 264 2096 1236 2175; baseline -0.003 -19"><span class='ocrx_word' id='word_1_126' title='bbox 264 2117 327 2156; x_wconf 85' lang='lat' dir='ltr'>rum</span> <span class='ocrx_word' id='word_1_127' title='bbox 340 2096 533 2175; x_wconf 86' lang='lat' dir='ltr'>possessiones</span> <span class='ocrx_word' id='word_1_128' title='bbox 547 2115 660 2154; x_wconf 84' lang='lat' dir='ltr'>morere</span> <span class='ocrx_word' id='word_1_129' title='bbox 674 2116 731 2154; x_wconf 92' lang='lat' dir='ltr'>non</span> <span class='ocrx_word' id='word_1_130' title='bbox 744 2096 827 2154; x_wconf 90' lang='lat' dir='ltr'>nimis</span> <span class='ocrx_word' id='word_1_131' title='bbox 838 2116 955 2174; x_wconf 89' lang='lat' dir='ltr'>aequum</span> <span class='ocrx_word' id='word_1_132' title='bbox 967 2098 1096 2175; x_wconf 85' lang='lat' dir='ltr'>putabat,</span> <span class='ocrx_word' id='word_1_133' title='bbox 1107 2103 1236 2175; x_wconf 89' lang='lat' dir='ltr'>propter-</span> 
     </span>
     <span class='ocr_line' id='line_1_18' title="bbox 261 2186 1235 2265; baseline 0.003 -23"><span class='ocrx_word' id='word_1_134' title='bbox 261 2206 296 2244; x_wconf 79' lang='lat' dir='ltr'>ea</span> <span class='ocrx_word' id='word_1_135' title='bbox 305 2186 386 2265; x_wconf 88' lang='lat' dir='ltr'>qnod</span> <span class='ocrx_word' id='word_1_136' title='bbox 398 2193 460 2244; x_wconf 86' lang='lat' dir='ltr'>tam</span> <span class='ocrx_word' id='word_1_137' title='bbox 472 2187 560 2264; x_wconf 86' lang='lat' dir='ltr'>longo</span> <span class='ocrx_word' id='word_1_138' title='bbox 574 2187 668 2264; x_wconf 86' lang='lat' dir='ltr'>spatio</span> <span class='ocrx_word' id='word_1_139' title='bbox 682 2187 771 2244; x_wconf 86' lang='lat' dir='ltr'>multa</span> <span class='ocrx_word' id='word_1_140' title='bbox 785 2187 1000 2256; x_wconf 72' lang='lat' dir='ltr'>hereditatibus,</span> <span class='ocrx_word' id='word_1_141' title='bbox 1011 2188 1102 2244; x_wconf 89' lang='lat' dir='ltr'>multa</span> <span class='ocrx_word' id='word_1_142' title='bbox 1115 2187 1235 2265; x_wconf 90' lang='lat' dir='ltr'>emptio-</span> 
     </span>
     <span class='ocr_line' id='line_1_19' title="bbox 261 2276 1235 2356; baseline 0 -20"><span class='ocrx_word' id='word_1_143' title='bbox 261 2278 355 2346; x_wconf 89' lang='lat' dir='ltr'>nibus,</span> <span class='ocrx_word' id='word_1_144' title='bbox 370 2277 463 2334; x_wconf 90' lang='lat' dir='ltr'>multa</span> <span class='ocrx_word' id='word_1_145' title='bbox 476 2276 593 2335; x_wconf 92' lang='lat' dir='ltr'>dotibus</span> <span class='ocrx_word' id='word_1_146' title='bbox 613 2278 782 2336; x_wconf 89' lang='lat' dir='ltr'>tenebantur</span> <span class='ocrx_word' id='word_1_147' title='bbox 805 2278 865 2335; x_wconf 90' lang='lat' dir='ltr'>sine</span> <span class='ocrx_word' id='word_1_148' title='bbox 887 2278 1004 2356; x_wconf 86' lang='lat' dir='ltr'>injuria:</span> <span class='ocrx_word' id='word_1_149' title='bbox 1023 2278 1172 2356; x_wconf 79' lang='lat' dir='ltr'>judicarit,</span> <span class='ocrx_word' id='word_1_150' title='bbox 1187 2297 1235 2336; x_wconf 93' lang='lat' dir='ltr'>ne·</span> 
     </span>
     <span class='ocr_line' id='line_1_20' title="bbox 261 2367 1234 2448; baseline -0.001 -20"><span class='ocrx_word' id='word_1_151' title='bbox 261 2388 319 2448; x_wconf 90' lang='lat' dir='ltr'>que</span> <span class='ocrx_word' id='word_1_152' title='bbox 331 2367 388 2427; x_wconf 90' lang='lat' dir='ltr'>illis</span> <span class='ocrx_word' id='word_1_153' title='bbox 401 2367 499 2437; x_wconf 86' lang='lat' dir='ltr'>adimi,</span> <span class='ocrx_word' id='word_1_154' title='bbox 512 2386 606 2446; x_wconf 90' lang='lat' dir='ltr'>neque</span> <span class='ocrx_word' id='word_1_155' title='bbox 619 2367 664 2427; x_wconf 91' lang='lat' dir='ltr'>his</span> <span class='ocrx_word' id='word_1_156' title='bbox 684 2388 742 2426; x_wconf 93' lang='lat' dir='ltr'>non</span> <span class='ocrx_word' id='word_1_157' title='bbox 762 2369 900 2437; x_wconf 85' lang='lat' dir='ltr'>satisfieri,</span> <span class='ocrx_word' id='word_1_158' title='bbox 915 2389 1037 2447; x_wconf 87' lang='lat' dir='ltr'>quorum</span> <span class='ocrx_word' id='word_1_159' title='bbox 1051 2368 1100 2427; x_wconf 92' lang='lat' dir='ltr'>illa</span> <span class='ocrx_word' id='word_1_160' title='bbox 1112 2369 1234 2436; x_wconf 87' lang='lat' dir='ltr'>fuerant,</span> 
     </span>
     <span class='ocr_line' id='line_1_21' title="bbox 261 2459 1265 2539; baseline 0.001 -22"><span class='ocrx_word' id='word_1_161' title='bbox 261 2467 405 2539; x_wconf 90' lang='lat' dir='ltr'>oportere.</span> <span class='ocrx_word' id='word_1_162' title='bbox 441 2459 516 2517; x_wconf 84' lang='lat' dir='ltr'>Oum</span> <span class='ocrx_word' id='word_1_163' title='bbox 528 2459 616 2539; x_wconf 79' lang='lat' dir='ltr'>igitur</span> <span class='ocrx_word' id='word_1_164' title='bbox 629 2460 785 2527; x_wconf 83' lang='lat' dir='ltr'>statuisset,</span> <span class='ocrx_word' id='word_1_165' title='bbox 796 2480 870 2538; x_wconf 93' lang='lat' dir='ltr'>opus</span> <span class='ocrx_word' id='word_1_166' title='bbox 884 2479 946 2519; x_wconf 89' lang='lat' dir='ltr'>esse</span> <span class='ocrx_word' id='word_1_167' title='bbox 960 2460 998 2517; x_wconf 91' lang='lat' dir='ltr'>ad</span> <span class='ocrx_word' id='word_1_168' title='bbox 1012 2479 1075 2519; x_wconf 91' lang='lat' dir='ltr'>eam</span> <span class='ocrx_word' id='word_1_169' title='bbox 1088 2479 1147 2517; x_wconf 90' lang='lat' dir='ltr'>rem</span> <span class='ocrx_word' id='word_1_170' title='bbox 1170 2480 1235 2518; x_wconf 89' lang='lat' dir='ltr'>con·</span> <span class='ocrx_word' id='word_1_171' title='bbox 1252 2460 1265 2518; x_wconf 85' lang='lat' dir='ltr'>&#39;t</span> 
     </span>
     <span class='ocr_line' id='line_1_22' title="bbox 261 2549 1235 2628; baseline -0.001 -20"><span class='ocrx_word' id='word_1_172' title='bbox 261 2549 439 2611; x_wconf 89' lang='lat' dir='ltr'>stituendam</span> <span class='ocrx_word' id='word_1_173' title='bbox 462 2550 592 2628; x_wconf 71' lang='lat' dir='ltr'>pecuum,</span> <span class='ocrx_word' id='word_1_174' title='bbox 617 2549 823 2608; x_wconf 81' lang='lat' dir='ltr'>Alexandriam</span> <span class='ocrx_word' id='word_1_175' title='bbox 847 2569 877 2608; x_wconf 92' lang='lat' dir='ltr'>se</span> <span class='ocrx_word' id='word_1_176' title='bbox 902 2550 1041 2628; x_wconf 88' lang='lat' dir='ltr'>proficisci</span> <span class='ocrx_word' id='word_1_177' title='bbox 1062 2551 1135 2610; x_wconf 82' lang='lat' dir='ltr'>velle</span> <span class='ocrx_word' id='word_1_178' title='bbox 1155 2550 1235 2618; x_wconf 84' lang='lat' dir='ltr'>dixit,</span> 
     </span>
     <span class='ocr_line' id='line_1_23' title="bbox 261 2638 1237 2718; baseline -0.003 -18"><span class='ocrx_word' id='word_1_179' title='bbox 261 2659 380 2718; x_wconf 86' lang='lat' dir='ltr'>remque</span> <span class='ocrx_word' id='word_1_180' title='bbox 393 2640 534 2718; x_wconf 86' lang='lat' dir='ltr'>integram</span> <span class='ocrx_word' id='word_1_181' title='bbox 544 2638 582 2697; x_wconf 88' lang='lat' dir='ltr'>ad</span> <span class='ocrx_word' id='word_1_182' title='bbox 592 2640 715 2697; x_wconf 91' lang='lat' dir='ltr'>reditum</span> <span class='ocrx_word' id='word_1_183' title='bbox 729 2659 814 2698; x_wconf 88' lang='lat' dir='ltr'>suum</span> <span class='ocrx_word' id='word_1_184' title='bbox 825 2640 911 2718; x_wconf 87' lang='lat' dir='ltr'>jussit</span> <span class='ocrx_word' id='word_1_185' title='bbox 925 2660 1004 2698; x_wconf 89' lang='lat' dir='ltr'>esse:</span> <span class='ocrx_word' id='word_1_186' title='bbox 1019 2641 1098 2718; x_wconf 92' lang='lat' dir='ltr'>isque</span> <span class='ocrx_word' id='word_1_187' title='bbox 1110 2641 1237 2698; x_wconf 83' lang='lat' dir='ltr'>celeriter</span> 
     </span>
     <span class='ocr_line' id='line_1_24' title="bbox 261 2729 1237 2809; baseline -0.002 -20"><span class='ocrx_word' id='word_1_188' title='bbox 261 2730 300 2789; x_wconf 87' lang='lat' dir='ltr'>ad</span> <span class='ocrx_word' id='word_1_189' title='bbox 322 2729 526 2798; x_wconf 83' lang='lat' dir='ltr'>Ptolemaeum,</span> <span class='ocrx_word' id='word_1_190' title='bbox 549 2748 635 2791; x_wconf 86' lang='lat' dir='ltr'>suum</span> <span class='ocrx_word' id='word_1_191' title='bbox 658 2730 809 2807; x_wconf 91' lang='lat' dir='ltr'>hospitem,</span> <span class='ocrx_word' id='word_1_192' title='bbox 831 2731 916 2799; x_wconf 76' lang='lat' dir='ltr'>venit,</span> <span class='ocrx_word' id='word_1_193' title='bbox 937 2731 986 2809; x_wconf 93' lang='lat' dir='ltr'>qui</span> <span class='ocrx_word' id='word_1_194' title='bbox 1009 2738 1071 2788; x_wconf 93' lang='lat' dir='ltr'>tum</span> <span class='ocrx_word' id='word_1_195' title='bbox 1095 2731 1237 2808; x_wconf 84' lang='lat' dir='ltr'>regnabat</span> 
     </span>
     <span class='ocr_line' id='line_1_25' title="bbox 261 2820 1269 2899; baseline -0.002 -20"><span class='ocrx_word' id='word_1_196' title='bbox 261 2820 337 2879; x_wconf 81' lang='lat' dir='ltr'>alter</span> <span class='ocrx_word' id='word_1_197' title='bbox 359 2826 426 2899; x_wconf 89' lang='lat' dir='ltr'>post</span> <span class='ocrx_word' id='word_1_198' title='bbox 447 2820 653 2878; x_wconf 82' lang='lat' dir='ltr'>Alexandriam</span> <span class='ocrx_word' id='word_1_199' title='bbox 672 2820 832 2878; x_wconf 87' lang='lat' dir='ltr'>conditam:</span> <span class='ocrx_word' id='word_1_200' title='bbox 854 2821 899 2879; x_wconf 92' lang='lat' dir='ltr'>cui</span> <span class='ocrx_word' id='word_1_201' title='bbox 913 2841 979 2879; x_wconf 92' lang='lat' dir='ltr'>eum</span> <span class='ocrx_word' id='word_1_202' title='bbox 994 2822 1172 2898; x_wconf 86' lang='lat' dir='ltr'>exposuisset</span> <span class='ocrx_word' id='word_1_203' title='bbox 1186 2838 1235 2896; x_wconf 91' lang='lat' dir='ltr'>pa·</span> <span class='ocrx_word' id='word_1_204' title='bbox 1251 2826 1269 2877; x_wconf 82' lang='lat'><strong>8</strong></span> 
     </span>
     <span class='ocr_line' id='line_1_26' title="bbox 263 2909 1237 2989; baseline -0.006 -18"><span class='ocrx_word' id='word_1_205' title='bbox 263 2912 348 2971; x_wconf 69' lang='lat' dir='ltr'>amm</span> <span class='ocrx_word' id='word_1_206' title='bbox 361 2930 392 2971; x_wconf 88' lang='lat' dir='ltr'>se</span> <span class='ocrx_word' id='word_1_207' title='bbox 405 2912 524 2971; x_wconf 87' lang='lat' dir='ltr'>liberare</span> <span class='ocrx_word' id='word_1_208' title='bbox 537 2911 619 2979; x_wconf 79' lang='lat' dir='ltr'>velle,</span> <span class='ocrx_word' id='word_1_209' title='bbox 634 2930 806 2989; x_wconf 89' lang='lat' dir='ltr'>causamque</span> <span class='ocrx_word' id='word_1_210' title='bbox 821 2912 972 2978; x_wconf 80' lang='lat' dir='ltr'>doctrisset,</span> <span class='ocrx_word' id='word_1_211' title='bbox 988 2931 1005 2967; x_wconf 92' lang='lat' dir='ltr'>a</span> <span class='ocrx_word' id='word_1_212' title='bbox 1019 2930 1086 2988; x_wconf 79' lang='lat' dir='ltr'>rege</span> <span class='ocrx_word' id='word_1_213' title='bbox 1101 2909 1237 2986; x_wconf 91' lang='lat' dir='ltr'>opulento</span> 
     </span>
     <span class='ocr_line' id='line_1_27' title="bbox 266 2999 1234 3080; baseline -0.005 -19"><span class='ocrx_word' id='word_1_214' title='bbox 266 3003 306 3061; x_wconf 79' lang='lat' dir='ltr'>vir</span> <span class='ocrx_word' id='word_1_215' title='bbox 318 3020 449 3061; x_wconf 90' lang='lat' dir='ltr'>summus</span> <span class='ocrx_word' id='word_1_216' title='bbox 462 3002 544 3060; x_wconf 76' lang='lat' dir='ltr'>facile</span> <span class='ocrx_word' id='word_1_217' title='bbox 558 3002 730 3079; x_wconf 89' lang='lat' dir='ltr'>impetravit,</span> <span class='ocrx_word' id='word_1_218' title='bbox 744 3009 777 3059; x_wconf 93' lang='lat' dir='ltr'>ut</span> <span class='ocrx_word' id='word_1_219' title='bbox 790 3002 892 3080; x_wconf 85' lang='lat' dir='ltr'>grandi</span> <span class='ocrx_word' id='word_1_220' title='bbox 907 3000 1028 3078; x_wconf 82' lang='lat' dir='ltr'>pecunia</span> <span class='ocrx_word' id='word_1_221' title='bbox 1041 2999 1234 3077; x_wconf 83' lang='lat' dir='ltr'>adjuvaretur.</span> 
     </span>
     <span class='ocr_line' id='line_1_28' title="bbox 262 3087 1267 3169; baseline -0.003 -19"><span class='ocrx_word' id='word_1_222' title='bbox 262 3094 359 3164; x_wconf 75' lang='lat' dir='ltr'>Quam</span> <span class='ocrx_word' id='word_1_223' title='bbox 381 3112 448 3150; x_wconf 91' lang='lat' dir='ltr'>cum</span> <span class='ocrx_word' id='word_1_224' title='bbox 470 3091 622 3169; x_wconf 82' lang='lat' dir='ltr'>Sicyonem</span> <span class='ocrx_word' id='word_1_225' title='bbox 643 3092 795 3160; x_wconf 88' lang='lat' dir='ltr'>attulisset,</span> <span class='ocrx_word' id='word_1_226' title='bbox 817 3091 948 3148; x_wconf 87' lang='lat' dir='ltr'>adhibuit</span> <span class='ocrx_word' id='word_1_227' title='bbox 968 3089 1022 3147; x_wconf 90' lang='lat' dir='ltr'>sibi</span> <span class='ocrx_word' id='word_1_228' title='bbox 1039 3089 1068 3146; x_wconf 92' lang='lat' dir='ltr'>in</span> <span class='ocrx_word' id='word_1_229' title='bbox 1089 3087 1267 3147; x_wconf 81' lang='lat' dir='ltr'>consiliumtt</span> 
     </span>
     <span class='ocr_line' id='line_1_29' title="bbox 261 3179 1235 3261; baseline -0.008 -20"><span class='ocrx_word' id='word_1_230' title='bbox 261 3181 426 3261; x_wconf 84' lang='lat' dir='ltr'>quindecim</span> <span class='ocrx_word' id='word_1_231' title='bbox 448 3182 599 3261; x_wconf 90' lang='lat' dir='ltr'>principes,</span> <span class='ocrx_word' id='word_1_232' title='bbox 614 3202 680 3240; x_wconf 92' lang='lat' dir='ltr'>cum</span> <span class='ocrx_word' id='word_1_233' title='bbox 695 3182 799 3259; x_wconf 92' lang='lat' dir='ltr'>quibus</span> <span class='ocrx_word' id='word_1_234' title='bbox 822 3200 923 3239; x_wconf 88' lang='lat' dir='ltr'>causas</span> <span class='ocrx_word' id='word_1_235' title='bbox 938 3179 1070 3259; x_wconf 78' lang='lat' dir='ltr'>cognorit</span> <span class='ocrx_word' id='word_1_236' title='bbox 1084 3188 1114 3238; x_wconf 91' lang='lat' dir='ltr'>et</span> <span class='ocrx_word' id='word_1_237' title='bbox 1127 3197 1235 3241; x_wconf 82' lang='lat' dir='ltr'>eorum,</span> 
     </span>
     <span class='ocr_line' id='line_1_30' title="bbox 262 3268 1236 3351; baseline -0.005 -20"><span class='ocrx_word' id='word_1_238' title='bbox 262 3272 314 3351; x_wconf 90' lang='lat' dir='ltr'>qui</span> <span class='ocrx_word' id='word_1_239' title='bbox 327 3272 420 3331; x_wconf 85' lang='lat' dir='ltr'>aliena</span> <span class='ocrx_word' id='word_1_240' title='bbox 432 3272 577 3340; x_wconf 88' lang='lat' dir='ltr'>tenebant,</span> <span class='ocrx_word' id='word_1_241' title='bbox 587 3278 617 3329; x_wconf 92' lang='lat' dir='ltr'>et</span> <span class='ocrx_word' id='word_1_242' title='bbox 630 3291 738 3340; x_wconf 89' lang='lat' dir='ltr'>eorum,</span> <span class='ocrx_word' id='word_1_243' title='bbox 748 3272 797 3349; x_wconf 94' lang='lat' dir='ltr'>qui</span> <span class='ocrx_word' id='word_1_244' title='bbox 811 3292 864 3329; x_wconf 90' lang='lat' dir='ltr'>sua</span> <span class='ocrx_word' id='word_1_245' title='bbox 877 3271 1046 3329; x_wconf 89' lang='lat' dir='ltr'>amiserant:</span> <span class='ocrx_word' id='word_1_246' title='bbox 1062 3268 1236 3347; x_wconf 86' lang='lat' dir='ltr'>perfecitque</span> 
     </span>
     <span class='ocr_line' id='line_1_31' title="bbox 262 3358 1237 3440; baseline -0.005 -19"><span class='ocrx_word' id='word_1_247' title='bbox 262 3361 439 3421; x_wconf 73' lang='lat' dir='ltr'>aestimandis</span> <span class='ocrx_word' id='word_1_248' title='bbox 452 3362 687 3440; x_wconf 71' lang='lat' dir='ltr'>possessionibus</span> <span class='ocrx_word' id='word_1_249' title='bbox 703 3369 737 3420; x_wconf 92' lang='lat' dir='ltr'>ut</span> <span class='ocrx_word' id='word_1_250' title='bbox 750 3363 937 3440; x_wconf 87' lang='lat' dir='ltr'>persuaderet</span> <span class='ocrx_word' id='word_1_251' title='bbox 957 3362 1025 3428; x_wconf 90' lang='lat' dir='ltr'>aliis,</span> <span class='ocrx_word' id='word_1_252' title='bbox 1041 3369 1073 3418; x_wconf 90' lang='lat' dir='ltr'>ut</span> <span class='ocrx_word' id='word_1_253' title='bbox 1088 3358 1237 3437; x_wconf 89' lang='lat' dir='ltr'>pecuniam</span> 
     </span>
     <span class='ocr_line' id='line_1_32' title="bbox 261 3452 1236 3531; baseline -0.003 -21"><span class='ocrx_word' id='word_1_254' title='bbox 261 3452 394 3531; x_wconf 86' lang='lat' dir='ltr'>accipere</span> <span class='ocrx_word' id='word_1_255' title='bbox 415 3452 543 3520; x_wconf 89' lang='lat' dir='ltr'>mallent,</span> <span class='ocrx_word' id='word_1_256' title='bbox 560 3452 785 3531; x_wconf 91' lang='lat' dir='ltr'>possessionibus</span> <span class='ocrx_word' id='word_1_257' title='bbox 808 3453 959 3511; x_wconf 89' lang='lat' dir='ltr'>cederent:</span> <span class='ocrx_word' id='word_1_258' title='bbox 980 3452 1049 3519; x_wconf 92' lang='lat' dir='ltr'>aliis,</span> <span class='ocrx_word' id='word_1_259' title='bbox 1064 3461 1097 3510; x_wconf 89' lang='lat' dir='ltr'>ut</span> <span class='ocrx_word' id='word_1_260' title='bbox 1112 3470 1236 3509; x_wconf 87' lang='lat' dir='ltr'>commo·</span> 
     </span>
     <span class='ocr_line' id='line_1_33' title="bbox 261 3543 1237 3620; baseline -0.003 -19"><span class='ocrx_word' id='word_1_261' title='bbox 261 3543 329 3601; x_wconf 89' lang='lat' dir='ltr'>dius</span> <span class='ocrx_word' id='word_1_262' title='bbox 351 3548 495 3620; x_wconf 88' lang='lat' dir='ltr'>putarent,</span> <span class='ocrx_word' id='word_1_263' title='bbox 510 3543 654 3600; x_wconf 88' lang='lat' dir='ltr'>numerari</span> <span class='ocrx_word' id='word_1_264' title='bbox 674 3543 733 3610; x_wconf 89' lang='lat' dir='ltr'>sibi,</span> <span class='ocrx_word' id='word_1_265' title='bbox 754 3543 833 3619; x_wconf 90' lang='lat' dir='ltr'>quod</span> <span class='ocrx_word' id='word_1_266' title='bbox 855 3543 925 3600; x_wconf 85' lang='lat' dir='ltr'>tanti</span> <span class='ocrx_word' id='word_1_267' title='bbox 947 3550 1031 3610; x_wconf 91' lang='lat' dir='ltr'>esset,</span> <span class='ocrx_word' id='word_1_268' title='bbox 1046 3560 1131 3618; x_wconf 91' lang='lat' dir='ltr'>quam</span> <span class='ocrx_word' id='word_1_269' title='bbox 1152 3560 1237 3598; x_wconf 91' lang='lat' dir='ltr'>suum</span> 
     </span>
     <span class='ocr_line' id='line_1_34' title="bbox 260 3631 1237 3711; baseline -0.004 -20"><span class='ocrx_word' id='word_1_270' title='bbox 260 3650 443 3711; x_wconf 67' lang='lat' dir='ltr'>recuperare·</span> <span class='ocrx_word' id='word_1_271' title='bbox 473 3632 521 3690; x_wconf 90' lang='lat' dir='ltr'>Ita</span> <span class='ocrx_word' id='word_1_272' title='bbox 536 3633 695 3711; x_wconf 86' lang='lat' dir='ltr'>perfectum</span> <span class='ocrx_word' id='word_1_273' title='bbox 707 3640 760 3700; x_wconf 87' lang='lat' dir='ltr'>est,</span> <span class='ocrx_word' id='word_1_274' title='bbox 772 3640 805 3690; x_wconf 93' lang='lat' dir='ltr'>ut</span> <span class='ocrx_word' id='word_1_275' title='bbox 817 3651 913 3690; x_wconf 91' lang='lat' dir='ltr'>omnes</span> <span class='ocrx_word' id='word_1_276' title='bbox 925 3632 1074 3690; x_wconf 87' lang='lat' dir='ltr'>concordia</span> <span class='ocrx_word' id='word_1_277' title='bbox 1085 3631 1237 3690; x_wconf 90' lang='lat' dir='ltr'>constituta</span> 
     </span>
     <span class='ocr_line' id='line_1_35' title="bbox 260 3720 1287 3801; baseline -0.006 -19"><span class='ocrx_word' id='word_1_278' title='bbox 260 3723 323 3782; x_wconf 91' lang='lat' dir='ltr'>siue</span> <span class='ocrx_word' id='word_1_279' title='bbox 338 3722 455 3800; x_wconf 90' lang='lat' dir='ltr'>querela</span> <span class='ocrx_word' id='word_1_280' title='bbox 468 3722 654 3780; x_wconf 89' lang='lat' dir='ltr'>discederent.</span> <span class='ocrx_word' id='word_1_281' title='bbox 697 3722 823 3780; x_wconf 81' lang='lat' dir='ltr'>Ovirum</span> <span class='ocrx_word' id='word_1_282' title='bbox 834 3741 978 3801; x_wconf 80' lang='lat' dir='ltr'>magnum,</span> <span class='ocrx_word' id='word_1_283' title='bbox 989 3722 1172 3800; x_wconf 86' lang='lat' dir='ltr'>dignumque,</span> <span class='ocrx_word' id='word_1_284' title='bbox 1187 3720 1236 3797; x_wconf 92' lang='lat' dir='ltr'>qui</span> <span class='ocrx_word' id='word_1_285' title='bbox 1254 3725 1287 3776; x_wconf 85' lang='lat' dir='ltr'>lt]</span> 
     </span>
     <span class='ocr_line' id='line_1_36' title="bbox 260 3809 1235 3890; baseline -0.005 -19"><span class='ocrx_word' id='word_1_286' title='bbox 260 3812 337 3871; x_wconf 89' lang='lat' dir='ltr'>inre</span> <span class='ocrx_word' id='word_1_287' title='bbox 350 3810 466 3890; x_wconf 92' lang='lat' dir='ltr'>publica</span> <span class='ocrx_word' id='word_1_288' title='bbox 478 3820 576 3870; x_wconf 88' lang='lat' dir='ltr'>nostra</span> <span class='ocrx_word' id='word_1_289' title='bbox 588 3819 672 3869; x_wconf 91' lang='lat' dir='ltr'>natus</span> <span class='ocrx_word' id='word_1_290' title='bbox 686 3812 779 3870; x_wconf 90' lang='lat' dir='ltr'>esset!</span> <span class='ocrx_word' id='word_1_291' title='bbox 804 3812 852 3871; x_wconf 88' lang='lat' dir='ltr'>Sic</span> <span class='ocrx_word' id='word_1_292' title='bbox 867 3832 919 3890; x_wconf 88' lang='lat' dir='ltr'>par</span> <span class='ocrx_word' id='word_1_293' title='bbox 933 3820 976 3870; x_wconf 90' lang='lat' dir='ltr'>est</span> <span class='ocrx_word' id='word_1_294' title='bbox 990 3831 1075 3890; x_wconf 84' lang='lat' dir='ltr'>agere</span> <span class='ocrx_word' id='word_1_295' title='bbox 1090 3831 1155 3869; x_wconf 90' lang='lat' dir='ltr'>cum</span> <span class='ocrx_word' id='word_1_296' title='bbox 1170 3809 1235 3867; x_wconf 92' lang='lat' dir='ltr'>civi-</span> 
     </span>
     <span class='ocr_line' id='line_1_37' title="bbox 261 3899 1236 3981; baseline -0.009 -18"><span class='ocrx_word' id='word_1_297' title='bbox 261 3902 397 3970; x_wconf 71' lang='lat' dir='ltr'>brisaca</span> <span class='ocrx_word' id='word_1_298' title='bbox 411 3899 456 3981; x_wconf 89' lang='lat' dir='ltr'>(ut</span> <span class='ocrx_word' id='word_1_299' title='bbox 470 3903 513 3960; x_wconf 90' lang='lat' dir='ltr'>bis</span> <span class='ocrx_word' id='word_1_300' title='bbox 524 3903 585 3979; x_wconf 90' lang='lat' dir='ltr'>jam</span> <span class='ocrx_word' id='word_1_301' title='bbox 599 3900 733 3981; x_wconf 82' lang='lat' dir='ltr'>vidimus)</span> <span class='ocrx_word' id='word_1_302' title='bbox 747 3903 862 3961; x_wconf 88' lang='lat' dir='ltr'>hastam</span> <span class='ocrx_word' id='word_1_303' title='bbox 876 3903 904 3960; x_wconf 95' lang='lat' dir='ltr'>in</span> <span class='ocrx_word' id='word_1_304' title='bbox 918 3903 980 3960; x_wconf 88' lang='lat' dir='ltr'>foro</span> <span class='ocrx_word' id='word_1_305' title='bbox 994 3920 1107 3981; x_wconf 91' lang='lat' dir='ltr'>ponere,</span> <span class='ocrx_word' id='word_1_306' title='bbox 1117 3908 1147 3958; x_wconf 92' lang='lat' dir='ltr'>et</span> <span class='ocrx_word' id='word_1_307' title='bbox 1160 3900 1236 3957; x_wconf 90' lang='lat' dir='ltr'>bona</span> 
     </span>
     <span class='ocr_line' id='line_1_38' title="bbox 262 3986 1234 4071; baseline -0.01 -18"><span class='ocrx_word' id='word_1_308' title='bbox 262 3991 369 4053; x_wconf 79' lang='lat' dir='ltr'>civium</span> <span class='ocrx_word' id='word_1_309' title='bbox 387 3991 449 4050; x_wconf 83' lang='lat' dir='ltr'>voci</span> <span class='ocrx_word' id='word_1_310' title='bbox 468 3993 608 4071; x_wconf 89' lang='lat' dir='ltr'>subjicere</span> <span class='ocrx_word' id='word_1_311' title='bbox 632 3993 779 4070; x_wconf 87' lang='lat' dir='ltr'>praeconis.</span> <span class='ocrx_word' id='word_1_312' title='bbox 824 3994 865 4049; x_wconf 86' lang='lat' dir='ltr'>At</span> <span class='ocrx_word' id='word_1_313' title='bbox 887 3993 932 4049; x_wconf 92' lang='lat' dir='ltr'>ille</span> <span class='ocrx_word' id='word_1_314' title='bbox 955 3993 1084 4056; x_wconf 86' lang='lat' dir='ltr'>Graecus,</span> <span class='ocrx_word' id='word_1_315' title='bbox 1107 3990 1135 4046; x_wconf 93' lang='lat' dir='ltr'>id</span> <span class='ocrx_word' id='word_1_316' title='bbox 1156 3986 1234 4064; x_wconf 90' lang='lat' dir='ltr'>quod</span> 
     </span>
    </p>
   </div>
   <div class='ocr_carea' id='block_1_4' title="bbox 0 0 1637 4775">
    <p class='ocr_par' dir='ltr' id='par_1_4' title="bbox 0 0 1637 4775">
     <span class='ocr_line' id='line_1_39' title="bbox 0 0 1637 4775; baseline 0 0"><span class='ocrx_word' id='word_1_317' title='bbox 0 0 1637 4775; x_wconf 95' lang='lat' dir='ltr'> </span> 
     </span>
    </p>
   </div>
  </div>
 </body>
</html>
