3259 4775
361 583 397 637 66
774 595 812 634 na
834 593 961 636 anricus

362 730 397 783 16
413 724 518 795 Quasi
529 724 636 802 populo
646 723 775 783 Romano
788 724 893 802 injuste
906 724 1057 801 imperanti
1070 724 1198 782 accidere
1212 730 1368 802 potuerrmt

412 815 481 892 quid
495 815 601 874 debent
614 822 718 893 putare
732 815 858 893 singuli?

361 905 396 962 17
452 905 536 974 Quod
560 924 626 963 cum
650 905 832 982 perspicuum
855 904 899 972 sit,
922 904 1117 962 benivolentia
1143 904 1202 962 vim
1230 923 1293 964 esse
1319 924 1373 962 ma·

411 1014 508 1073 gnam,
523 1002 615 1052 metus
629 995 817 1054 imbecillam:
839 994 965 1071 sequitur
978 1000 1011 1052 ut
1025 994 1203 1062 disseramus,
1218 995 1322 1072 quibus
1334 1014 1373 1053 re·

411 1086 466 1144 bus
488 1085 620 1143 facillime
644 1085 784 1163 possimus
808 1103 881 1152 cam,
903 1103 990 1161 quam
1012 1084 1152 1153 volumus
1174 1084 1293 1163 adipisci
1313 1104 1374 1144 curn

411 1175 518 1233 honore
531 1182 560 1233 et
574 1176 630 1233 fide
645 1175 798 1233 caritatem.
828 1173 886 1232 Sed
901 1193 935 1232 ea
947 1193 1005 1231 non
1018 1173 1124 1251 pariter
1137 1193 1236 1232 omnes
1249 1193 1374 1253 egemus.

299 1328 302 1333 ,
361 1272 397 1324 18
412 1266 487 1324 Nam
508 1266 546 1325 ad
568 1266 706 1344 cujusque
719 1265 807 1324 vitam
827 1264 986 1323 institutam
1006 1264 1282 1322 accommodandum
1294 1272 1376 1332 csta

361 1363 396 1415 19
411 1356 543 1415 multisne
557 1375 629 1433 opus
642 1356 687 1423 sit,
702 1374 739 1412 an
752 1355 820 1412 satis
834 1354 870 1412 sit
884 1373 901 1411 a
915 1354 1013 1432 paucis
1032 1354 1118 1432 diligi
1161 1354 1281 1412 Certum
1294 1354 1375 1433 igitur

410 1447 465 1504 hoc
479 1447 524 1514 sit,
538 1446 624 1522 idque
638 1452 668 1503 et
688 1444 811 1522 primum
831 1451 861 1502 et
880 1444 1002 1502 maxime
1023 1444 1223 1512 necessarium,
1236 1444 1375 1503 familiari

412 1543 485 1594 tates
498 1536 604 1593 habere
618 1534 690 1592 fidas
710 1533 865 1591 amantium
877 1553 929 1591 nos
944 1534 1098 1591 amicorum
1113 1540 1143 1591 et
1156 1541 1255 1592 nostra
1275 1534 1376 1592 miran-

360 1633 398 1684 20
412 1626 491 1684 tium.
533 1625 606 1683 Haec
620 1625 695 1683 enim
708 1631 752 1682 est
772 1643 830 1681 una
849 1643 895 1681 res
916 1644 1032 1701 prorsus
1045 1631 1147 1681 utnon
1160 1624 1286 1682 multum
1299 1623 1376 1682 diffe-

411 1722 457 1773 rat
469 1716 542 1774 inter
555 1735 679 1773 summos
694 1721 724 1772 et
737 1714 894 1772 mediocres
904 1715 978 1773 viros
989 1733 996 1782 ;
1011 1732 1100 1791 eaque
1114 1713 1241 1790 utrisque
1255 1720 1301 1771 est
1313 1732 1377 1792 prc-

362 1812 392 1863 a]
412 1805 566 1884 pemodum
590 1804 789 1882 comparanda.
830 1804 947 1862 Honore
971 1811 1000 1861 et
1024 1802 1113 1882 gloria
1137 1810 1167 1861 et
1191 1802 1377 1862 benivolentia

412 1896 513 1955 civium
526 1896 645 1955 fortasse
658 1915 716 1954 non
729 1913 809 1972 aeque
823 1913 920 1952 omnes
934 1901 1028 1973 egent,
1039 1893 1090 1951 sed
1103 1898 1200 1951 tamen
1213 1893 1237 1951 si
1251 1893 1298 1951 cui
1311 1894 1376 1953 haec

412 1993 576 2064 suppetunt,
592 1985 730 2063 adjuvant
743 1986 918 2062 aliquantum
938 1992 1001 2041 tum
1013 1983 1051 2040 ad
1065 1990 1168 2051 cetera,
1183 1989 1245 2042 tum
1259 1982 1297 2041 ad
1310 1982 1379 2042 ami·

412 2077 491 2135 citias
505 2074 717 2153 comparandas.

452 2255 503 2313 IX.
525 2254 584 2312 Sed
606 2254 642 2311 dc
664 2253 786 2312 amicitia
805 2252 860 2311 alio
879 2254 951 2313 libro
965 2253 1074 2312 dictum
1088 2260 1140 2326 est,
1155 2252 1204 2331 qui
1217 2252 1380 2312 inscribitur

413 2344 524 2404 Laelius
566 2344 650 2403 Nunc
672 2344 799 2402 dicamus
820 2343 857 2402 de
875 2343 1014 2423 gloria,
1029 2362 1205 2421 quamquam
1218 2362 1252 2402 ea
1266 2361 1381 2422 quoquc

413 2437 449 2495 de
462 2455 493 2493 re
504 2436 562 2494 duo
573 2442 640 2492 sunt
654 2435 741 2493 nostri
755 2432 835 2493 libri:
850 2434 902 2493 sed
916 2435 1097 2512 attingamus,
1107 2433 1338 2511 quandoquidem
1347 2451 1381 2491 ea

381 2534 398 2584 ‘2
413 2527 441 2583 in
450 2527 535 2585 rebus
546 2525 699 2603 majoribus
710 2524 937 2582 administrandis
947 2524 1066 2601 adjuvat
1076 2524 1237 2602 plurimum.
1262 2523 1381 2581 Summa

412 2615 498 2694 igitur
512 2622 541 2672 et
555 2615 681 2692 perfecta
701 2614 790 2692 gloria
804 2621 917 2672 constat
930 2633 966 2671 ex
979 2614 1070 2672 tribus
1083 2614 1144 2671 his:
1165 2613 1189 2670 si
1202 2613 1294 2692 diligit
1307 2613 1380 2670 mul-

414 2705 515 2773 titudo,
530 2706 554 2762 si
573 2704 658 2762 fidem
678 2705 775 2774 habet,
790 2705 814 2762 si
834 2723 900 2762 cum
921 2704 1104 2762 admiratione
1126 2702 1250 2781 quadam
1270 2703 1381 2761 honore

381 2804 398 2854 3
414 2796 514 2875 dignos
528 2801 619 2873 putat.
661 2795 731 2852 Haec
746 2801 851 2862 autem,
867 2794 890 2851 si
904 2801 948 2852 est
961 2794 1124 2872 simpliciter
1145 2793 1325 2870 breviterque
1339 2793 1381 2851 di·

414 2886 542 2953 cendum,
564 2885 666 2963 quibus
689 2886 774 2942 rebus
797 2885 946 2962 pariuntur
967 2903 984 2940 a
1006 2884 1132 2961 singulis,
1156 2882 1264 2940 eisdem
1283 2883 1382 2941 screa

413 2975 599 3035 multitudine.
641 2974 700 3032 Sed
714 2982 758 3032 est
771 2975 842 3032 alius
860 2993 975 3051 quoque
995 2973 1111 3050 quidam
1125 2973 1218 3030 aditus
1232 2971 1270 3030 ad
1284 2973 1382 3031 multi-

413 3066 548 3134 tudinem,
562 3073 595 3123 ut
608 3065 637 3123 in
649 3065 846 3123 universorum
859 3064 966 3122 animos
986 3071 1133 3140 tamquam
1151 3062 1269 3119 influere
1290 3060 1382 3139 possi·

413 3177 484 3215 mus.

388 3250 407 3300 4
452 3245 643 3322 Ac'primum
665 3244 701 3301 de
721 3244 774 3302 illis
794 3245 893 3312 tribus,
909 3264 975 3322 quae
994 3250 1059 3300 ante
1073 3242 1139 3310 dixi,
1157 3241 1382 3300 benivolen-

342 3348 348 3355 “
414 3335 477 3393 tiae
506 3341 651 3411 praecepta
674 3333 836 3391 videamus:
865 3353 929 3411 quae
959 3333 1075 3411 quidem
1103 3332 1215 3410 capitur
1238 3331 1384 3391 beneficiis

414 3424 553 3482 maxime:
575 3422 700 3480 secundo
722 3430 818 3481 autem
839 3423 903 3482 loco
917 3424 1045 3482 benefica
1057 3422 1204 3480 voluntate
1218 3421 1382 3481 benivolen-

384 3523 399 3575 5
414 3514 453 3572 tia
466 3520 604 3581 movetur,
616 3512 725 3571 etiamsi
738 3533 783 3571 res
796 3515 870 3572 sorte
884 3532 941 3571 non
955 3513 1091 3590 suppetit.
1123 3512 1319 3570 Vehementer
1332 3531 1383 3570 au-

414 3612 474 3662 tem
488 3623 566 3661 amor
580 3603 768 3662 multitudinis
789 3610 984 3663 commovetur
996 3604 1058 3680 ipsa
1072 3603 1149 3660 lama
1162 3609 1192 3659 et
1206 3602 1337 3679 opinione
1350 3601 1384 3660 li-

414 3694 576 3761 beralitatis,
602 3694 802 3761 beneficentiae,
826 3694 951 3773 justitiae,
978 3693 1052 3759 fidei,
1076 3692 1259 3769 omniumque
1283 3711 1386 3750 earum

415 3784 560 3852 virtutum,
575 3803 640 3860 quae
656 3784 796 3861 pertinent
809 3785 847 3842 ad
861 3783 1107 3841 mansuetudinem
1125 3801 1238 3840 morum
1258 3800 1291 3839 ac
1314 3782 1386 3841 faci-

384 3875 530 3934 sslitatem.
572 3873 684 3931 Etenim
707 3874 778 3931 illud
799 3874 903 3952 ipsum,
917 3873 995 3952 quod
1015 3873 1168 3930 honestum
1188 3872 1390 3950 decorumque¹

415 3964 541 4032 dicimus,
557 3963 623 4042 quia
635 3984 687 4044 per
700 3983 731 4022 sc
744 3965 826 4023 nobis
839 3965 943 4043 placet,
958 3962 1121 4041 animosque
1141 3961 1267 4021 omnium
1280 3968 1387 4023 natum
