3259 4775
305 599 342 655 68
718 609 757 650 nn
778 607 906 650 orrrcrrs

357 742 480 809 tertium,
491 748 524 799 ut
535 761 600 799 cum
614 740 855 798 admiratione
868 738 1015 797 hominum
1029 737 1138 796 honore
1152 738 1189 798 ab
1199 738 1232 797 ris
1244 731 1313 818 digrl

324 839 342 891 6
354 832 553 911 judicaremur.
595 830 783 888 Admirantur
813 830 900 909 igitur
927 829 1115 887 communiter
1141 829 1182 887 illi
1208 828 1304 907 quidch

357 922 458 990 omnia,
473 940 537 999 quae
550 941 662 1000 magna,
677 928 707 978 et
720 927 824 998 praeter
838 920 996 997 opinionem
1016 938 1098 977 suam
1118 919 1316 978 animadverte·

356 1021 438 1070 runt:
460 1012 611 1088 separatim
625 1018 722 1069 autem
736 1011 764 1067 in
778 1010 904 1089 singulis,
920 1011 943 1068 si
957 1010 1134 1087 perspiciunt
1155 1010 1305 1094 nefflnah

326 1103 342 1162 'l
357 1102 488 1181 quaedam
502 1104 584 1160 bona.
617 1102 718 1178 Itaque
733 1120 781 1158 eos
795 1101 870 1158 viros
884 1101 1048 1179 suspiciunt,
1058 1100 1245 1178 maximisque
1255 1099 1304 1158 elle·

358 1201 424 1251 runt
437 1193 578 1261 laudibus,
593 1192 622 1249 in
636 1193 738 1269 quibus
760 1191 922 1249 existimant
942 1210 972 1248 se
992 1191 1165 1248 excellentes
1185 1190 1308 1268 quasdam
1329 1253 1332 1258 ,

326 1292 343 1343 8
359 1291 388 1342 et
399 1284 555 1362 singulares
566 1282 725 1360 perspicere
734 1281 867 1339 virtutes:
883 1280 1042 1358 despiciunt
1050 1288 1149 1339 autem
1160 1300 1208 1339 eos
1219 1288 1248 1339 et
1257 1299 1308 1340 con·
1330 1315 1334 1328 ·

357 1381 496 1440 temnunt,
510 1373 539 1429 in
552 1372 655 1449 quibus
675 1371 744 1428 nihil
756 1371 878 1439 virtutis,
893 1371 961 1429 nihil
981 1371 1075 1439 animi,
1089 1371 1161 1429 nihil
1173 1389 1312 1430 nervorum

358 1471 469 1541 putant.
510 1462 576 1519 Non
598 1462 671 1518 enim
694 1480 791 1518 omnes
813 1479 861 1518 eos
876 1467 1067 1528 contemnunt,
1082 1460 1119 1519 de
1133 1461 1237 1538 quibus
1250 1459 1312 1520 male

326 1560 343 1611 9
359 1552 525 1610 existimant.
554 1550 629 1608 Nam
640 1570 711 1628 quos
725 1550 878 1628 improbos,
888 1550 1050 1620 maledicos
1060 1551 1258 1611 fraudulentos
1270 1571 1314 1630 pu·

358 1649 428 1710 tant,
450 1648 479 1700 et
499 1642 536 1699 ad
557 1641 716 1699 faciendam
735 1641 866 1719 injuriam
886 1641 1045 1710 instructos,
1067 1660 1116 1699 eos
1141 1647 1315 1702 contemnunt

309 1741 344 1793 10
358 1733 472 1811 quidem
487 1732 658 1809 neutiquam,
668 1733 718 1790 sed
733 1732 769 1789 de
783 1732 826 1789 his
840 1732 913 1789 male
927 1732 1095 1790 existimant.
1124 1733 1316 1803 Quamobrem.

358 1833 392 1882 ut
413 1831 478 1882 ante
500 1823 565 1891 dixi,
581 1829 799 1880 contemnuntur
811 1822 839 1890 ii,
855 1823 903 1900 qui
916 1841 968 1880 nec
982 1822 1044 1891 sibi,
1059 1842 1111 1881 nec
1132 1824 1224 1892 alteri,
1239 1830 1271 1882 ut
1281 1821 1316 1882 di·

359 1916 449 1983 citur;
469 1914 613 1991 inquibus
627 1914 721 1970 nullus
735 1913 824 1980 labor,
840 1913 918 1970 nulla
937 1913 1082 1981 industria,
1098 1913 1177 1971 nulla
1191 1933 1260 1972 cura
1272 1917 1317 1972 est

359 2004 556 2062 Admiratione
579 2011 674 2061 autem
698 2004 858 2082 afficiuntur
877 2004 905 2071 ii,
920 2004 968 2081 qui
988 2004 1094 2062 anteire
1108 2004 1209 2063 ceteris
1223 2005 1319 2064 virtute

359 2102 504 2172 putantur,
519 2100 548 2149 et
570 2113 635 2150 cum
655 2094 733 2150 omni
753 2092 848 2178 carere
871 2093 1018 2162 dedecore,
1033 2100 1096 2152 tum
1109 2113 1177 2153 vero
1196 2095 1231 2154 iis
1245 2093 1319 2164 vitiis,

309 2191 343 2242 11
360 2184 462 2261 quibus
476 2184 521 2241 alii
535 2202 590 2240 non
603 2183 685 2241 facile
699 2190 820 2262 possunt
834 2184 978 2242 obsistere.
1020 2184 1097 2242 Nam
1111 2192 1141 2242 et
1155 2185 1320 2264 voluptates,
1358 2239 1359 2250 ,

360 2273 550 2332 blandissime
572 2273 701 2342 dominae,
716 2273 831 2350 majoris
853 2274 941 2352 partis
962 2274 1069 2332 animos
1083 2293 1101 2331 a
1114 2275 1220 2333 virtute
1235 2275 1322 2334 detor·
1352 2313 1355 2318 -

360 2371 466 2442 quent;
488 2371 517 2422 et
539 2363 668 2422 dolorum
691 2383 756 2422 cum
777 2363 964 2422 admoventur
983 2364 1069 2434 faces,
1084 2371 1192 2443 praeter
1209 2365 1324 2425 modum

311 2462 345 2515 12
361 2455 487 2533 plerique
501 2461 684 2512 exterrentur.
726 2455 802 2522 Vita,
820 2474 904 2522 mors,
921 2454 1035 2523 divitiae,
1050 2463 1215 2534 paupertas,
1231 2474 1324 2515 omnes

313 2552 345 2604 13
360 2545 486 2604 homines
500 2544 742 2602 vehementissime
764 2553 939 2622 permovent.
982 2547 1054 2614 Qum
1074 2546 1124 2624 qui
1136 2547 1166 2603 in
1178 2553 1325 2625 utramque

360 2641 471 2713 partem
493 2634 604 2691 excelso
626 2635 719 2691 animo
738 2653 899 2713 magnoque
914 2635 1081 2712 despiciunt,
1097 2656 1163 2694 oum
1177 2637 1273 2715 aliqua
1285 2636 1327 2695 his

361 2724 455 2802 ampla
469 2732 498 2782 et
510 2725 630 2781 honesta
644 2744 689 2782 res
704 2725 818 2802 objecta
832 2731 883 2792 est,
899 2732 975 2783 totos
989 2725 1026 2783 ad
1045 2744 1075 2783 se
1090 2727 1230 2784 convertit
1243 2734 1273 2785 et
1285 2746 1327 2786 ra-

361 2815 411 2894 pit.
447 2815 520 2872 Tum
532 2814 593 2891 quis
603 2834 659 2872 non
669 2814 824 2872 admiretur
838 2814 1019 2891 splendorem
1032 2816 1328 2896 pulchritudinemque

361 2906 493 2964 virtutis?
528 2904 578 2964 Xl.
589 2905 666 2984 Ergo
679 2911 708 2962 et
719 2905 781 2961 haec
792 2904 878 2962 animi
888 2905 1071 2989 despicientia
1081 2905 1327 2966 admirabilitatem

360 3016 496 3076 magnam
519 2997 603 3055 facit:
626 3004 654 3053 et
676 2994 797 3053 maxime
817 2995 935 3072 justitia,
958 3014 993 3053 ex
1013 3015 1070 3073 qua
1089 3015 1146 3053 una
1160 2996 1268 3056 virtute
1281 2996 1332 3057 riri

361 3089 427 3146 boni
441 3087 629 3165 appellantur,
644 3085 761 3145 mirifica
782 3085 918 3163 quaedam
937 3084 1111 3143 multitudini
1124 3085 1257 3145 videtur:
1279 3107 1330 3147 nec

330 3178 469 3255 2iujuria.
512 3177 607 3233 Nemo
631 3176 704 3234 enim
728 3176 824 3254 justus
849 3194 911 3233 esse
932 3182 1036 3253 potest,
1057 3175 1107 3253 qui
1129 3183 1262 3247 mortem,
1283 3176 1331 3257 qui

363 3267 497 3333 dolorem,
513 3265 562 3342 qui
582 3265 704 3333 exilium,
719 3266 767 3342 qui
788 3273 946 3344 egestatem
966 3266 1055 3334 timet,
1073 3273 1123 3324 aut
1143 3266 1249 3344 quiea,
1265 3286 1332 3345 quaa

330 3363 429 3415 3sunt
452 3355 497 3412 his
521 3354 669 3422 contraria,
693 3355 820 3431 aequitati
841 3356 996 3433 anteponit.
1038 3357 1217 3434 Maximeque
1241 3356 1331 3417 admi·

362 3451 461 3504 rantur
485 3463 560 3511 eum,
586 3444 634 3521 qui
658 3445 778 3521 pecunia
800 3466 858 3504 non
878 3453 1025 3512 moretum
1047 3447 1124 3524 quod
1145 3447 1172 3504 in
1193 3466 1252 3525 quo
1273 3447 1333 3506 vire

363 3541 546 3613 perspectum
561 3534 605 3602 sit,
619 3534 696 3593 hunc
709 3535 769 3613 igni
783 3543 946 3615 spectatum
960 3536 1139 3595 arbitrantur.

330 3630 349 3683 4
399 3625 502 3701 Itaque
517 3625 563 3682 illa
573 3625 635 3694 tria,
646 3645 710 3702 quae
725 3620 872 3703 proposita
886 3626 1000 3684 suntad
1014 3627 1141 3705 gloriam,
1151 3626 1248 3685 omnia
1259 3626 1333 3706 jus·

365 3714 459 3773 titia
480 3716 609 3773 conficit:
632 3724 662 3774 et
683 3715 909 3784 benivolentiam,
930 3716 1008 3793 quod
1028 3717 1165 3794 prodesse
1184 3717 1248 3776 vu't
1270 3716 1334 3796 plu·

363 3805 439 3863 rimis
452 3825 458 3874 ;
480 3812 510 3862 et
524 3806 561 3863 ob
575 3806 695 3863 eandem
710 3824 824 3863 causam
839 3806 943 3873 fidem;
965 3813 995 3864 et
1015 3807 1239 3875 admirationem,
1255 3806 1335 3886 quod

365 3914 413 3954 eas
426 3915 472 3954 res
486 3895 594 3973 spernit
608 3904 637 3953 et
650 3896 777 3975 negligit,
787 3896 824 3954 ad
838 3915 909 3974 quas
923 3896 1051 3973 plerique
1064 3896 1232 3955 inflammati
1245 3897 1336 3957 avidi·

333 3993 424 4045 litate
438 3986 594 4065 rapiuntur.
635 3985 681 4044 Ac
695 4005 759 4044 mea
773 3986 888 4064 quidem
901 3987 1041 4044 sententia
1055 3986 1145 4045 omnis
1158 3986 1231 4045 ratio
1246 3994 1337 4068 atque
