<?xml version="1.0" encoding="UTF-8"?>
<!DOCTYPE html PUBLIC "-//W3C//DTD XHTML 1.0 Transitional//EN"
    "http://www.w3.org/TR/xhtml1/DTD/xhtml1-transitional.dtd">
<html xmlns="http://www.w3.org/1999/xhtml" xml:lang="en" lang="en">
 <head>
  <title>
</title>
<meta http-equiv="Content-Type" content="text/html;charset=utf-8" />
  <meta name='ocr-system' content='tesseract 3.04.00' />
  <meta name='ocr-capabilities' content='ocr_page ocr_carea ocr_par ocr_line ocrx_word'/>
</head>
<body>
  <div class='ocr_page' id='page_1' title='image "./mtulliiciceroni00thacgoog_0031.png"; bbox 0 0 3259 4775; ppageno 0'>
   <div class='ocr_carea' id='block_1_1' title="bbox 639 580 1288 632">
    <p class='ocr_par' dir='ltr' id='par_1_1' title="bbox 639 580 1288 632">
     <span class='ocr_line' id='line_1_1' title="bbox 639 580 1288 632; baseline 0.003 -2"><span class='ocrx_word' id='word_1_1' title='bbox 639 591 725 631; x_wconf 73' lang='lat' dir='ltr'><strong>arnna</strong></span> <span class='ocrx_word' id='word_1_2' title='bbox 738 592 757 631; x_wconf 89' lang='lat'><strong>1.</strong></span> <span class='ocrx_word' id='word_1_3' title='bbox 800 590 868 631; x_wconf 72' lang='lat' dir='ltr'><strong>car.</strong></span> <span class='ocrx_word' id='word_1_4' title='bbox 884 593 955 632; x_wconf 86' lang='lat' dir='ltr'><strong>xvrr.</strong></span> <span class='ocrx_word' id='word_1_5' title='bbox 1251 580 1288 632; x_wconf 77' lang='lat'><strong>28</strong></span> 
     </span>
    </p>
   </div>
   <div class='ocr_carea' id='block_1_2' title="bbox 258 720 1273 2431">
    <p class='ocr_par' dir='ltr' id='par_1_2' title="bbox 258 720 1273 2431">
     <span class='ocr_line' id='line_1_2' title="bbox 258 720 1268 803; baseline -0.001 -20"><span class='ocrx_word' id='word_1_6' title='bbox 258 724 332 783; x_wconf 78' lang='lat' dir='ltr'><strong>tatis</strong></span> <span class='ocrx_word' id='word_1_7' title='bbox 346 722 503 802; x_wconf 85' lang='lat' dir='ltr'><strong>plurimum</strong></span> <span class='ocrx_word' id='word_1_8' title='bbox 520 721 690 781; x_wconf 82' lang='lat' dir='ltr'><strong>conferetur.</strong></span> <span class='ocrx_word' id='word_1_9' title='bbox 732 720 800 789; x_wconf 86' lang='lat' dir='ltr'><strong>Sed,</strong></span> <span class='ocrx_word' id='word_1_10' title='bbox 815 742 882 799; x_wconf 86' lang='lat' dir='ltr'><strong>quae</strong></span> <span class='ocrx_word' id='word_1_11' title='bbox 896 730 1005 781; x_wconf 74' lang='lat' dir='ltr'><strong>natura</strong></span> <span class='ocrx_word' id='word_1_12' title='bbox 1024 723 1162 803; x_wconf 85' lang='lat' dir='ltr'><strong>principia</strong></span> <span class='ocrx_word' id='word_1_13' title='bbox 1180 724 1237 782; x_wconf 84' lang='lat' dir='ltr'><strong>sint</strong></span> <span class='ocrx_word' id='word_1_14' title='bbox 1251 729 1268 782; x_wconf 80' lang='lat'>2</span> 
     </span>
     <span class='ocr_line' id='line_1_3' title="bbox 259 812 1235 892; baseline -0.001 -19"><span class='ocrx_word' id='word_1_15' title='bbox 259 813 476 873; x_wconf 75' lang='lat' dir='ltr'><strong>communitatis</strong></span> <span class='ocrx_word' id='word_1_16' title='bbox 496 819 526 871; x_wconf 90' lang='lat' dir='ltr'><strong>et</strong></span> <span class='ocrx_word' id='word_1_17' title='bbox 548 812 690 870; x_wconf 79' lang='lat' dir='ltr'><strong>societatis</strong></span> <span class='ocrx_word' id='word_1_18' title='bbox 708 812 853 880; x_wconf 84' lang='lat' dir='ltr'><strong>humauae,</strong></span> <span class='ocrx_word' id='word_1_19' title='bbox 867 812 1055 892; x_wconf 86' lang='lat' dir='ltr'><strong>repetendum</strong></span> <span class='ocrx_word' id='word_1_20' title='bbox 1069 814 1181 873; x_wconf 88' lang='lat' dir='ltr'><strong>videtur</strong></span> <span class='ocrx_word' id='word_1_21' title='bbox 1195 815 1235 873; x_wconf 89' lang='lat' dir='ltr'><strong>ul·</strong></span> 
     </span>
     <span class='ocr_line' id='line_1_4' title="bbox 262 899 1268 984; baseline -0.002 -19"><span class='ocrx_word' id='word_1_22' title='bbox 262 906 330 965; x_wconf 83' lang='lat' dir='ltr'><strong>tius.</strong></span> <span class='ocrx_word' id='word_1_23' title='bbox 371 906 426 964; x_wconf 86' lang='lat' dir='ltr'><strong>Est</strong></span> <span class='ocrx_word' id='word_1_24' title='bbox 448 899 524 963; x_wconf 85' lang='lat' dir='ltr'><strong>enim</strong></span> <span class='ocrx_word' id='word_1_25' title='bbox 545 903 676 982; x_wconf 90' lang='lat' dir='ltr'><strong>primum,</strong></span> <span class='ocrx_word' id='word_1_26' title='bbox 691 902 769 981; x_wconf 90' lang='lat' dir='ltr'><strong>quod</strong></span> <span class='ocrx_word' id='word_1_27' title='bbox 790 903 915 962; x_wconf 87' lang='lat' dir='ltr'><strong>cernitur</strong></span> <span class='ocrx_word' id='word_1_28' title='bbox 934 904 963 962; x_wconf 92' lang='lat' dir='ltr'><strong>in</strong></span> <span class='ocrx_word' id='word_1_29' title='bbox 983 905 1104 963; x_wconf 88' lang='lat' dir='ltr'><strong>universi</strong></span> <span class='ocrx_word' id='word_1_30' title='bbox 1124 906 1268 984; x_wconf 69' lang='lat' dir='ltr'><strong>generiat</strong></span> 
     </span>
     <span class='ocr_line' id='line_1_5' title="bbox 261 994 1236 1072; baseline -0.001 -17"><span class='ocrx_word' id='word_1_31' title='bbox 261 996 383 1055; x_wconf 86' lang='lat' dir='ltr'><strong>humani</strong></span> <span class='ocrx_word' id='word_1_32' title='bbox 396 996 532 1054; x_wconf 80' lang='lat' dir='ltr'><strong>societate</strong></span> <span class='ocrx_word' id='word_1_33' title='bbox 543 1014 550 1062; x_wconf 91' lang='lat'>;</span> <span class='ocrx_word' id='word_1_34' title='bbox 572 994 635 1072; x_wconf 82' lang='lat' dir='ltr'><strong>ejus</strong></span> <span class='ocrx_word' id='word_1_35' title='bbox 649 1001 746 1052; x_wconf 90' lang='lat' dir='ltr'><strong>autem</strong></span> <span class='ocrx_word' id='word_1_36' title='bbox 761 994 906 1053; x_wconf 82' lang='lat' dir='ltr'><strong>vinculum</strong></span> <span class='ocrx_word' id='word_1_37' title='bbox 927 1003 972 1052; x_wconf 90' lang='lat' dir='ltr'><strong>est</strong></span> <span class='ocrx_word' id='word_1_38' title='bbox 992 995 1064 1053; x_wconf 87' lang='lat' dir='ltr'><strong>ratio</strong></span> <span class='ocrx_word' id='word_1_39' title='bbox 1085 1004 1115 1054; x_wconf 93' lang='lat' dir='ltr'><strong>et</strong></span> <span class='ocrx_word' id='word_1_40' title='bbox 1136 997 1236 1064; x_wconf 85' lang='lat' dir='ltr'><strong>oratio,</strong></span> 
     </span>
     <span class='ocr_line' id='line_1_6' title="bbox 262 1084 1237 1166; baseline 0 -21"><span class='ocrx_word' id='word_1_41' title='bbox 262 1107 333 1166; x_wconf 76' lang='lat' dir='ltr'><strong>quaa</strong></span> <span class='ocrx_word' id='word_1_42' title='bbox 357 1085 496 1154; x_wconf 83' lang='lat' dir='ltr'><strong>docendo,</strong></span> <span class='ocrx_word' id='word_1_43' title='bbox 518 1084 662 1153; x_wconf 82' lang='lat' dir='ltr'><strong>discendo,</strong></span> <span class='ocrx_word' id='word_1_44' title='bbox 684 1085 929 1153; x_wconf 85' lang='lat' dir='ltr'><strong>communicando,</strong></span> <span class='ocrx_word' id='word_1_45' title='bbox 944 1085 1139 1163; x_wconf 83' lang='lat' dir='ltr'><strong>disceptando,</strong></span> <span class='ocrx_word' id='word_1_46' title='bbox 1160 1087 1237 1165; x_wconf 90' lang='lat' dir='ltr'><strong>judi·</strong></span> 
     </span>
     <span class='ocr_line' id='line_1_7' title="bbox 264 1176 1237 1255; baseline -0.002 -18"><span class='ocrx_word' id='word_1_47' title='bbox 264 1178 361 1237; x_wconf 83' lang='lat' dir='ltr'><strong>oando</strong></span> <span class='ocrx_word' id='word_1_48' title='bbox 374 1177 504 1235; x_wconf 77' lang='lat' dir='ltr'><strong>conciliat</strong></span> <span class='ocrx_word' id='word_1_49' title='bbox 515 1176 589 1234; x_wconf 88' lang='lat' dir='ltr'><strong>inter</strong></span> <span class='ocrx_word' id='word_1_50' title='bbox 607 1194 638 1233; x_wconf 86' lang='lat' dir='ltr'><strong>se</strong></span> <span class='ocrx_word' id='word_1_51' title='bbox 657 1176 796 1244; x_wconf 87' lang='lat' dir='ltr'><strong>homines,</strong></span> <span class='ocrx_word' id='word_1_52' title='bbox 811 1176 1018 1254; x_wconf 86' lang='lat' dir='ltr'><strong>conjungitque</strong></span> <span class='ocrx_word' id='word_1_53' title='bbox 1032 1178 1154 1235; x_wconf 84' lang='lat' dir='ltr'><strong>naturali</strong></span> <span class='ocrx_word' id='word_1_54' title='bbox 1167 1197 1237 1255; x_wconf 86' lang='lat' dir='ltr'><strong>qua·</strong></span> 
     </span>
     <span class='ocr_line' id='line_1_8' title="bbox 265 1265 1267 1345; baseline -0.002 -18"><span class='ocrx_word' id='word_1_55' title='bbox 265 1269 337 1327; x_wconf 85' lang='lat' dir='ltr'><strong>dam</strong></span> <span class='ocrx_word' id='word_1_56' title='bbox 355 1268 498 1344; x_wconf 78' lang='lat' dir='ltr'><strong>societate.</strong></span> <span class='ocrx_word' id='word_1_57' title='bbox 539 1265 642 1343; x_wconf 85' lang='lat' dir='ltr'><strong>Neque</strong></span> <span class='ocrx_word' id='word_1_58' title='bbox 655 1266 715 1323; x_wconf 91' lang='lat' dir='ltr'><strong>ulla</strong></span> <span class='ocrx_word' id='word_1_59' title='bbox 727 1285 758 1324; x_wconf 86' lang='lat' dir='ltr'><strong>re</strong></span> <span class='ocrx_word' id='word_1_60' title='bbox 772 1266 886 1345; x_wconf 86' lang='lat' dir='ltr'><strong>longius</strong></span> <span class='ocrx_word' id='word_1_61' title='bbox 899 1268 1037 1325; x_wconf 85' lang='lat' dir='ltr'><strong>absumus</strong></span> <span class='ocrx_word' id='word_1_62' title='bbox 1052 1286 1070 1324; x_wconf 91' lang='lat' dir='ltr'><strong>a</strong></span> <span class='ocrx_word' id='word_1_63' title='bbox 1082 1275 1185 1325; x_wconf 86' lang='lat' dir='ltr'><strong>natura</strong></span> <span class='ocrx_word' id='word_1_64' title='bbox 1197 1267 1238 1327; x_wconf 82' lang='lat' dir='ltr'><strong>le·</strong></span> <span class='ocrx_word' id='word_1_65' title='bbox 1251 1272 1267 1325; x_wconf 76' lang='lat'>4</span> 
     </span>
     <span class='ocr_line' id='line_1_9' title="bbox 265 1356 1239 1435; baseline -0.002 -18"><span class='ocrx_word' id='word_1_66' title='bbox 265 1378 371 1427; x_wconf 65' lang='lat' dir='ltr'><strong>rarum,</strong></span> <span class='ocrx_word' id='word_1_67' title='bbox 391 1358 420 1416; x_wconf 92' lang='lat' dir='ltr'><strong>in</strong></span> <span class='ocrx_word' id='word_1_68' title='bbox 441 1357 547 1434; x_wconf 88' lang='lat' dir='ltr'><strong>quibus</strong></span> <span class='ocrx_word' id='word_1_69' title='bbox 570 1356 662 1414; x_wconf 82' lang='lat' dir='ltr'><strong>inesse</strong></span> <span class='ocrx_word' id='word_1_70' title='bbox 685 1356 881 1415; x_wconf 87' lang='lat' dir='ltr'><strong>fortitudinem</strong></span> <span class='ocrx_word' id='word_1_71' title='bbox 904 1376 983 1435; x_wconf 83' lang='lat' dir='ltr'><strong>saepe</strong></span> <span class='ocrx_word' id='word_1_72' title='bbox 1005 1357 1134 1425; x_wconf 81' lang='lat' dir='ltr'>dicimus,</span> <span class='ocrx_word' id='word_1_73' title='bbox 1155 1358 1239 1416; x_wconf 89' lang='lat' dir='ltr'><strong>utin</strong></span> 
     </span>
     <span class='ocr_line' id='line_1_10' title="bbox 265 1446 1238 1528; baseline -0.001 -20"><span class='ocrx_word' id='word_1_74' title='bbox 265 1450 354 1528; x_wconf 81' lang='lat' dir='ltr'><strong>equis,</strong></span> <span class='ocrx_word' id='word_1_75' title='bbox 368 1450 398 1507; x_wconf 92' lang='lat' dir='ltr'><strong>in</strong></span> <span class='ocrx_word' id='word_1_76' title='bbox 416 1448 563 1515; x_wconf 81' lang='lat' dir='ltr'><strong>leonibun3</strong></span> <span class='ocrx_word' id='word_1_77' title='bbox 581 1446 732 1525; x_wconf 85' lang='lat' dir='ltr'><strong>justitiam,</strong></span> <span class='ocrx_word' id='word_1_78' title='bbox 748 1448 921 1525; x_wconf 70' lang='lat' dir='ltr'><strong>aequitatem,</strong></span> <span class='ocrx_word' id='word_1_79' title='bbox 943 1448 1099 1507; x_wconf 88' lang='lat' dir='ltr'><strong>bonitatem</strong></span> <span class='ocrx_word' id='word_1_80' title='bbox 1121 1468 1178 1507; x_wconf 90' lang='lat' dir='ltr'><strong>nou</strong></span> <span class='ocrx_word' id='word_1_81' title='bbox 1196 1449 1238 1507; x_wconf 91' lang='lat' dir='ltr'><strong>di·</strong></span> 
     </span>
     <span class='ocr_line' id='line_1_11' title="bbox 265 1538 1271 1617; baseline 0.001 -17"><span class='ocrx_word' id='word_1_82' title='bbox 265 1540 365 1600; x_wconf 81' lang='lat' dir='ltr'><strong>eimus.</strong></span> <span class='ocrx_word' id='word_1_83' title='bbox 407 1539 482 1597; x_wconf 83' lang='lat' dir='ltr'><strong>Sunt</strong></span> <span class='ocrx_word' id='word_1_84' title='bbox 495 1538 571 1596; x_wconf 89' lang='lat' dir='ltr'><strong>enim</strong></span> <span class='ocrx_word' id='word_1_85' title='bbox 584 1538 700 1595; x_wconf 86' lang='lat' dir='ltr'><strong>rationis</strong></span> <span class='ocrx_word' id='word_1_86' title='bbox 721 1544 752 1595; x_wconf 88' lang='lat' dir='ltr'><strong>et</strong></span> <span class='ocrx_word' id='word_1_87' title='bbox 771 1538 904 1597; x_wconf 82' lang='lat' dir='ltr'><strong>orationis</strong></span> <span class='ocrx_word' id='word_1_88' title='bbox 919 1547 1059 1617; x_wconf 74' lang='lat' dir='ltr'><strong>expertes.</strong></span> <span class='ocrx_word' id='word_1_89' title='bbox 1100 1540 1146 1598; x_wconf 87' lang='lat' dir='ltr'><strong>Ao</strong></span> <span class='ocrx_word' id='word_1_90' title='bbox 1160 1540 1271 1602; x_wconf 82' lang='lat' dir='ltr'><strong>latis-t</strong></span> 
     </span>
     <span class='ocr_line' id='line_1_12' title="bbox 265 1628 1240 1708; baseline 0 -19"><span class='ocrx_word' id='word_1_91' title='bbox 265 1631 337 1689; x_wconf 79' lang='lat' dir='ltr'><strong>sime</strong></span> <span class='ocrx_word' id='word_1_92' title='bbox 358 1629 476 1708; x_wconf 87' lang='lat' dir='ltr'><strong>quidem</strong></span> <span class='ocrx_word' id='word_1_93' title='bbox 498 1635 601 1707; x_wconf 85' lang='lat' dir='ltr'><strong>patens</strong></span> <span class='ocrx_word' id='word_1_94' title='bbox 623 1628 786 1687; x_wconf 84' lang='lat' dir='ltr'><strong>hominibus</strong></span> <span class='ocrx_word' id='word_1_95' title='bbox 806 1629 881 1688; x_wconf 90' lang='lat' dir='ltr'><strong>inter</strong></span> <span class='ocrx_word' id='word_1_96' title='bbox 902 1629 988 1708; x_wconf 87' lang='lat' dir='ltr'><strong>ipsos,</strong></span> <span class='ocrx_word' id='word_1_97' title='bbox 1012 1631 1145 1689; x_wconf 80' lang='lat' dir='ltr'><strong>omnibus</strong></span> <span class='ocrx_word' id='word_1_98' title='bbox 1166 1632 1240 1692; x_wconf 85' lang='lat' dir='ltr'><strong>iuter</strong></span> 
     </span>
     <span class='ocr_line' id='line_1_13' title="bbox 266 1719 1240 1798; baseline 0 -19"><span class='ocrx_word' id='word_1_99' title='bbox 266 1740 375 1788; x_wconf 74' lang='lat' dir='ltr'><strong>omnen,</strong></span> <span class='ocrx_word' id='word_1_100' title='bbox 396 1719 517 1779; x_wconf 77' lang='lat' dir='ltr'><strong>societas</strong></span> <span class='ocrx_word' id='word_1_101' title='bbox 539 1719 603 1777; x_wconf 86' lang='lat' dir='ltr'><strong>haeo</strong></span> <span class='ocrx_word' id='word_1_102' title='bbox 625 1726 684 1787; x_wconf 81' lang='lat' dir='ltr'><strong>est3</strong></span> <span class='ocrx_word' id='word_1_103' title='bbox 705 1719 735 1776; x_wconf 93' lang='lat' dir='ltr'><strong>in</strong></span> <span class='ocrx_word' id='word_1_104' title='bbox 756 1738 814 1796; x_wconf 90' lang='lat' dir='ltr'><strong>qua</strong></span> <span class='ocrx_word' id='word_1_105' title='bbox 836 1720 962 1778; x_wconf 90' lang='lat' dir='ltr'><strong>omnium</strong></span> <span class='ocrx_word' id='word_1_106' title='bbox 985 1740 1177 1798; x_wconf 72' lang='lat' dir='ltr'><strong>rerumquae</strong></span> <span class='ocrx_word' id='word_1_107' title='bbox 1201 1722 1240 1779; x_wconf 93' lang='lat' dir='ltr'><strong>ad</strong></span> 
     </span>
     <span class='ocr_line' id='line_1_14' title="bbox 265 1799 1238 1889; baseline -0.001 -19"><span class='ocrx_word' id='word_1_108' title='bbox 265 1830 448 1871; x_wconf 78' lang='lat' dir='ltr'><strong>communem</strong></span> <span class='ocrx_word' id='word_1_109' title='bbox 460 1799 608 1868; x_wconf 89' lang='lat' dir='ltr'><strong>hominum</strong></span> <span class='ocrx_word' id='word_1_110' title='bbox 621 1829 706 1867; x_wconf 92' lang='lat' dir='ltr'><strong>usum</strong></span> <span class='ocrx_word' id='word_1_111' title='bbox 719 1817 822 1867; x_wconf 89' lang='lat' dir='ltr'><strong>natura</strong></span> <span class='ocrx_word' id='word_1_112' title='bbox 834 1810 942 1889; x_wconf 86' lang='lat' dir='ltr'><strong>genuit,</strong></span> <span class='ocrx_word' id='word_1_113' title='bbox 954 1818 998 1867; x_wconf 87' lang='lat' dir='ltr'><strong>est</strong></span> <span class='ocrx_word' id='word_1_114' title='bbox 1011 1811 1151 1868; x_wconf 82' lang='lat' dir='ltr'><strong>servanda</strong></span> <span class='ocrx_word' id='word_1_115' title='bbox 1162 1831 1238 1869; x_wconf 87' lang='lat' dir='ltr'><strong>com·</strong></span> 
     </span>
     <span class='ocr_line' id='line_1_15' title="bbox 264 1899 1240 1979; baseline -0.001 -18"><span class='ocrx_word' id='word_1_116' title='bbox 264 1902 399 1969; x_wconf 82' lang='lat' dir='ltr'><strong>munitas,</strong></span> <span class='ocrx_word' id='word_1_117' title='bbox 414 1907 447 1959; x_wconf 91' lang='lat' dir='ltr'><strong>ut</strong></span> <span class='ocrx_word' id='word_1_118' title='bbox 448 1919 538 1978; x_wconf 69' lang='lat' dir='ltr'><strong>,tluae</strong></span> <span class='ocrx_word' id='word_1_119' title='bbox 558 1899 704 1978; x_wconf 78' lang='lat' dir='ltr'><strong>descripta</strong></span> <span class='ocrx_word' id='word_1_120' title='bbox 724 1908 793 1958; x_wconf 86' lang='lat' dir='ltr'><strong>sunt</strong></span> <span class='ocrx_word' id='word_1_121' title='bbox 810 1901 924 1979; x_wconf 82' lang='lat' dir='ltr'><strong>legibus</strong></span> <span class='ocrx_word' id='word_1_122' title='bbox 940 1900 998 1957; x_wconf 88' lang='lat' dir='ltr'><strong>et</strong></span> <span class='ocrx_word' id='word_1_123' title='bbox 986 1919 1051 1977; x_wconf 84' lang='lat' dir='ltr'><strong>Jure</strong></span> <span class='ocrx_word' id='word_1_124' title='bbox 1072 1901 1153 1968; x_wconf 84' lang='lat' dir='ltr'><strong>civili,</strong></span> <span class='ocrx_word' id='word_1_125' title='bbox 1175 1901 1240 1960; x_wconf 87' lang='lat' dir='ltr'><strong>haeo</strong></span> 
     </span>
     <span class='ocr_line' id='line_1_16' title="bbox 264 1990 1240 2106; baseline -0.001 -55"><span class='ocrx_word' id='word_1_126' title='bbox 264 1993 305 2051; x_wconf 83' lang='lat' dir='ltr'><strong>ita</strong></span> <span class='ocrx_word' id='word_1_127' title='bbox 327 1998 488 2059; x_wconf 84' lang='lat' dir='ltr'><strong>teneantur,</strong></span> <span class='ocrx_word' id='word_1_128' title='bbox 502 1997 536 2049; x_wconf 89' lang='lat' dir='ltr'><strong>ut</strong></span> <span class='ocrx_word' id='word_1_129' title='bbox 558 1990 595 2049; x_wconf 89' lang='lat' dir='ltr'><strong>sit</strong></span> <span class='ocrx_word' id='word_1_130' title='bbox 617 1991 813 2059; x_wconf 81' lang='lat' dir='ltr'><strong>constitutum,</strong></span> <span class='ocrx_word' id='word_1_131' title='bbox 829 2010 846 2049; x_wconf 89' lang='lat' dir='ltr'><strong>e</strong></span> <span class='ocrx_word' id='word_1_132' title='bbox 869 1991 1002 2068; x_wconf 88' lang='lat' dir='ltr'><strong>quibus</strong></span> <span class='ocrx_word' id='word_1_133' title='bbox 976 1990 1064 2106; x_wconf 88' lang='lat' dir='ltr'><strong>1psis</strong></span> <span class='ocrx_word' id='word_1_134' title='bbox 1085 1998 1180 2049; x_wconf 85' lang='lat' dir='ltr'><strong>cetera</strong></span> <span class='ocrx_word' id='word_1_135' title='bbox 1199 1992 1240 2050; x_wconf 84' lang='lat' dir='ltr'><strong>sie</strong></span> 
     </span>
     <span class='ocr_line' id='line_1_17' title="bbox 264 2061 1240 2160; baseline -0.001 -18"><span class='ocrx_word' id='word_1_136' title='bbox 264 2084 462 2149; x_wconf 78' lang='lat' dir='ltr'><strong>observentur,</strong></span> <span class='ocrx_word' id='word_1_137' title='bbox 475 2089 511 2138; x_wconf 92' lang='lat' dir='ltr'><strong>ut</strong></span> <span class='ocrx_word' id='word_1_138' title='bbox 527 2081 556 2138; x_wconf 93' lang='lat' dir='ltr'><strong>in</strong></span> <span class='ocrx_word' id='word_1_139' title='bbox 572 2081 743 2140; x_wconf 82' lang='lat' dir='ltr'><strong>Graecorum</strong></span> <span class='ocrx_word' id='word_1_140' title='bbox 763 2082 913 2160; x_wconf 86' lang='lat' dir='ltr'><strong>proverbio</strong></span> <span class='ocrx_word' id='word_1_141' title='bbox 931 2061 1001 2149; x_wconf 90' lang='lat' dir='ltr'><strong>est,</strong></span> <span class='ocrx_word' id='word_1_142' title='bbox 1000 2082 1157 2141; x_wconf 86' lang='lat' dir='ltr'><strong>amicorum</strong></span> <span class='ocrx_word' id='word_1_143' title='bbox 1177 2101 1240 2141; x_wconf 80' lang='lat' dir='ltr'><strong>esne</strong></span> 
     </span>
     <span class='ocr_line' id='line_1_18' title="bbox 264 2149 1273 2234; baseline 0.001 -2"><span class='ocrx_word' id='word_1_144' title='bbox 264 2172 430 2232; x_wconf 89' lang='lat' dir='ltr'><strong>eommunia</strong></span> <span class='ocrx_word' id='word_1_145' title='bbox 443 2149 559 2229; x_wconf 59' lang='lat' dir='ltr'><strong>omniau</strong></span> <span class='ocrx_word' id='word_1_146' title='bbox 588 2171 724 2229; x_wconf 92' lang='lat' dir='ltr'><strong>Omnium</strong></span> <span class='ocrx_word' id='word_1_147' title='bbox 738 2179 835 2230; x_wconf 79' lang='lat' dir='ltr'><strong>autem</strong></span> <span class='ocrx_word' id='word_1_148' title='bbox 857 2172 1018 2230; x_wconf 87' lang='lat' dir='ltr'><strong>eommunia</strong></span> <span class='ocrx_word' id='word_1_149' title='bbox 1039 2173 1225 2232; x_wconf 92' lang='lat' dir='ltr'><strong>hominum</strong></span> <span class='ocrx_word' id='word_1_150' title='bbox 1200 2194 1239 2232; x_wconf 75' lang='grc' dir='ltr'>ιιι·</span> <span class='ocrx_word' id='word_1_151' title='bbox 1254 2180 1273 2234; x_wconf 85' lang='grc'><strong>6</strong></span> 
     </span>
     <span class='ocr_line' id='line_1_19' title="bbox 263 2261 1240 2343; baseline 0.003 -22"><span class='ocrx_word' id='word_1_152' title='bbox 263 2264 372 2322; x_wconf 89' lang='lat' dir='ltr'><strong>dentur</strong></span> <span class='ocrx_word' id='word_1_153' title='bbox 393 2281 436 2330; x_wconf 88' lang='lat' dir='ltr'><strong>ea,</strong></span> <span class='ocrx_word' id='word_1_154' title='bbox 451 2280 517 2339; x_wconf 87' lang='lat' dir='ltr'><strong>quae</strong></span> <span class='ocrx_word' id='word_1_155' title='bbox 537 2268 605 2319; x_wconf 89' lang='lat' dir='ltr'><strong>sunt</strong></span> <span class='ocrx_word' id='word_1_156' title='bbox 626 2261 738 2340; x_wconf 78' lang='lat' dir='ltr'><strong>generis</strong></span> <span class='ocrx_word' id='word_1_157' title='bbox 758 2262 828 2331; x_wconf 82' lang='lat' dir='ltr'><strong>eiua,</strong></span> <span class='ocrx_word' id='word_1_158' title='bbox 842 2263 920 2340; x_wconf 88' lang='lat' dir='ltr'><strong>quod</strong></span> <span class='ocrx_word' id='word_1_159' title='bbox 942 2264 979 2322; x_wconf 90' lang='lat' dir='ltr'><strong>ab</strong></span> <span class='ocrx_word' id='word_1_160' title='bbox 1002 2264 1094 2322; x_wconf 89' lang='lat' dir='ltr'><strong>Ennio</strong></span> <span class='ocrx_word' id='word_1_161' title='bbox 1115 2266 1240 2343; x_wconf 82' lang='lat' dir='ltr'><strong>positum</strong></span> 
     </span>
     <span class='ocr_line' id='line_1_20' title="bbox 264 2352 864 2431; baseline -0.002 -18"><span class='ocrx_word' id='word_1_162' title='bbox 264 2354 295 2413; x_wconf 91' lang='lat' dir='ltr'><strong>in</strong></span> <span class='ocrx_word' id='word_1_163' title='bbox 308 2372 369 2412; x_wconf 88' lang='lat' dir='ltr'><strong>nna</strong></span> <span class='ocrx_word' id='word_1_164' title='bbox 382 2371 423 2422; x_wconf 89' lang='lat' dir='ltr'><strong>re,</strong></span> <span class='ocrx_word' id='word_1_165' title='bbox 438 2352 585 2411; x_wconf 80' lang='lat' dir='ltr'><strong>transferri</strong></span> <span class='ocrx_word' id='word_1_166' title='bbox 599 2352 627 2410; x_wconf 91' lang='lat' dir='ltr'><strong>in</strong></span> <span class='ocrx_word' id='word_1_167' title='bbox 640 2352 746 2412; x_wconf 89' lang='lat' dir='ltr'><strong>multas</strong></span> <span class='ocrx_word' id='word_1_168' title='bbox 761 2360 864 2431; x_wconf 88' lang='lat' dir='ltr'><strong>potest.</strong></span> 
     </span>
    </p>
   </div>
   <div class='ocr_carea' id='block_1_3' title="bbox 263 2455 1275 3702">
    <p class='ocr_par' dir='ltr' id='par_1_3' title="bbox 371 2455 1124 2711">
     <span class='ocr_line' id='line_1_21' title="bbox 442 2455 1095 2530; baseline 0.002 -18"><span class='ocrx_word' id='word_1_169' title='bbox 442 2455 540 2522; x_wconf 83' lang='lat' dir='ltr'><em>Homo,</em></span> <span class='ocrx_word' id='word_1_170' title='bbox 556 2456 607 2530; x_wconf 78' lang='lat' dir='ltr'><strong>qai</strong></span> <span class='ocrx_word' id='word_1_171' title='bbox 619 2456 725 2512; x_wconf 79' lang='lat' dir='ltr'><strong><em>erranti</em></strong></span> <span class='ocrx_word' id='word_1_172' title='bbox 738 2456 848 2526; x_wconf 67' lang='lat' dir='ltr'><strong>cmiter</strong></span> <span class='ocrx_word' id='word_1_173' title='bbox 861 2464 997 2513; x_wconf 74' lang='lat' dir='ltr'><strong>monstrat</strong></span> <span class='ocrx_word' id='word_1_174' title='bbox 1011 2457 1095 2525; x_wconf 66' lang='lat' dir='ltr'><strong>emm,</strong></span> 
     </span>
     <span class='ocr_line' id='line_1_22' title="bbox 450 2545 1114 2623; baseline 0.005 -21"><span class='ocrx_word' id='word_1_175' title='bbox 450 2545 539 2618; x_wconf 78' lang='lat' dir='ltr'><strong>Qoooi</strong></span> <span class='ocrx_word' id='word_1_176' title='bbox 554 2547 647 2602; x_wconf 82' lang='lat' dir='ltr'><strong>lumen</strong></span> <span class='ocrx_word' id='word_1_177' title='bbox 660 2546 693 2603; x_wconf 83' lang='lat' dir='ltr'><strong>de</strong></span> <span class='ocrx_word' id='word_1_178' title='bbox 706 2565 757 2603; x_wconf 79' lang='lat' dir='ltr'><strong>ooo</strong></span> <span class='ocrx_word' id='word_1_179' title='bbox 771 2546 877 2604; x_wconf 78' lang='lat' dir='ltr'><strong>lamiae</strong></span> <span class='ocrx_word' id='word_1_180' title='bbox 889 2546 1023 2614; x_wconf 73' lang='lat' dir='ltr'><strong>uemtdot,</strong></span> <span class='ocrx_word' id='word_1_181' title='bbox 1030 2548 1114 2623; x_wconf 77' lang='lat' dir='ltr'><strong>facit.</strong></span> 
     </span>
     <span class='ocr_line' id='line_1_23' title="bbox 371 2636 1124 2711; baseline 0.004 -18"><span class='ocrx_word' id='word_1_182' title='bbox 371 2638 374 2644; x_wconf 87' lang='lat'>&#39;</span> <span class='ocrx_word' id='word_1_183' title='bbox 440 2636 653 2694; x_wconf 71' lang='lat' dir='ltr'><strong>Nihilominus</strong></span> <span class='ocrx_word' id='word_1_184' title='bbox 665 2637 722 2711; x_wconf 68' lang='lat' dir='ltr'><strong>ipsi</strong></span> <span class='ocrx_word' id='word_1_185' title='bbox 736 2638 815 2705; x_wconf 81' lang='lat' dir='ltr'><strong>locet,</strong></span> <span class='ocrx_word' id='word_1_186' title='bbox 830 2657 893 2694; x_wconf 83' lang='lat' dir='ltr'><strong>cum</strong></span> <span class='ocrx_word' id='word_1_187' title='bbox 906 2638 952 2694; x_wconf 85' lang='lat' dir='ltr'><strong>illi</strong></span> <span class='ocrx_word' id='word_1_188' title='bbox 965 2638 1124 2697; x_wconf 68' lang='lat' dir='ltr'><strong>ocootderit.</strong></span> 
     </span>
    </p>

    <p class='ocr_par' dir='ltr' id='par_1_4' title="bbox 263 2737 1275 3702">
     <span class='ocr_line' id='line_1_24' title="bbox 264 2737 1274 2816; baseline -0.001 -17"><span class='ocrx_word' id='word_1_189' title='bbox 264 2740 334 2799; x_wconf 88' lang='lat' dir='ltr'><strong>Una</strong></span> <span class='ocrx_word' id='word_1_190' title='bbox 357 2757 393 2796; x_wconf 85' lang='lat' dir='ltr'><strong>ex</strong></span> <span class='ocrx_word' id='word_1_191' title='bbox 412 2756 444 2796; x_wconf 90' lang='lat' dir='ltr'><strong>re</strong></span> <span class='ocrx_word' id='word_1_192' title='bbox 462 2737 531 2796; x_wconf 83' lang='lat' dir='ltr'><strong>satia</strong></span> <span class='ocrx_word' id='word_1_193' title='bbox 546 2737 686 2816; x_wconf 86' lang='lat' dir='ltr'><strong>praeoipit,</strong></span> <span class='ocrx_word' id='word_1_194' title='bbox 702 2744 743 2807; x_wconf 92' lang='lat' dir='ltr'><strong>ut,</strong></span> <span class='ocrx_word' id='word_1_195' title='bbox 759 2738 894 2816; x_wconf 87' lang='lat' dir='ltr'><strong>quioquid</strong></span> <span class='ocrx_word' id='word_1_196' title='bbox 909 2739 968 2797; x_wconf 90' lang='lat' dir='ltr'><strong>sine</strong></span> <span class='ocrx_word' id='word_1_197' title='bbox 982 2738 1151 2798; x_wconf 89' lang='lat' dir='ltr'><strong>detrimento</strong></span> <span class='ocrx_word' id='word_1_198' title='bbox 1166 2738 1274 2798; x_wconf 73' lang='lat' dir='ltr'><strong>eom-&#39;a&#39;</strong></span> 
     </span>
     <span class='ocr_line' id='line_1_25' title="bbox 264 2827 1275 2908; baseline 0.001 -20"><span class='ocrx_word' id='word_1_199' title='bbox 264 2829 380 2888; x_wconf 88' lang='lat' dir='ltr'><strong>modari</strong></span> <span class='ocrx_word' id='word_1_200' title='bbox 402 2827 501 2906; x_wconf 82' lang='lat' dir='ltr'>possit,</span> <span class='ocrx_word' id='word_1_201' title='bbox 522 2827 553 2886; x_wconf 91' lang='lat' dir='ltr'><strong>id</strong></span> <span class='ocrx_word' id='word_1_202' title='bbox 576 2828 719 2887; x_wconf 81' lang='lat' dir='ltr'><strong>tribuatur</strong></span> <span class='ocrx_word' id='word_1_203' title='bbox 741 2829 787 2886; x_wconf 89' lang='lat' dir='ltr'><strong>vel</strong></span> <span class='ocrx_word' id='word_1_204' title='bbox 808 2828 916 2908; x_wconf 85' lang='lat' dir='ltr'><strong>ignoto.</strong></span> <span class='ocrx_word' id='word_1_205' title='bbox 957 2830 1002 2887; x_wconf 88' lang='lat' dir='ltr'><strong>Ex</strong></span> <span class='ocrx_word' id='word_1_206' title='bbox 1024 2849 1082 2906; x_wconf 92' lang='lat' dir='ltr'><strong>quo</strong></span> <span class='ocrx_word' id='word_1_207' title='bbox 1103 2836 1171 2887; x_wconf 84' lang='lat' dir='ltr'><strong>eunt</strong></span> <span class='ocrx_word' id='word_1_208' title='bbox 1193 2829 1275 2889; x_wconf 87' lang='lat' dir='ltr'><strong>illa8</strong></span> 
     </span>
     <span class='ocr_line' id='line_1_26' title="bbox 266 2918 1242 2998; baseline -0.002 -19"><span class='ocrx_word' id='word_1_209' title='bbox 266 2919 438 2987; x_wconf 81' lang='lat' dir='ltr'><strong>eommunia,</strong></span> <span class='ocrx_word' id='word_1_210' title='bbox 461 2937 518 2976; x_wconf 92' lang='lat' dir='ltr'><strong>non</strong></span> <span class='ocrx_word' id='word_1_211' title='bbox 541 2918 693 2996; x_wconf 88' lang='lat' dir='ltr'><strong>prohibere</strong></span> <span class='ocrx_word' id='word_1_212' title='bbox 716 2937 792 2996; x_wconf 87' lang='lat' dir='ltr'><strong>aqua</strong></span> <span class='ocrx_word' id='word_1_213' title='bbox 819 2920 996 2997; x_wconf 74' lang='lat' dir='ltr'><strong>profluente,</strong></span> <span class='ocrx_word' id='word_1_214' title='bbox 1025 2920 1086 2997; x_wconf 87' lang='lat' dir='ltr'><strong>pati</strong></span> <span class='ocrx_word' id='word_1_215' title='bbox 1113 2920 1149 2976; x_wconf 89' lang='lat' dir='ltr'><strong>ab</strong></span> <span class='ocrx_word' id='word_1_216' title='bbox 1176 2919 1242 2998; x_wconf 86' lang='lat' dir='ltr'><strong>igne</strong></span> 
     </span>
     <span class='ocr_line' id='line_1_27' title="bbox 265 3008 1241 3090; baseline -0.002 -22"><span class='ocrx_word' id='word_1_217' title='bbox 265 3012 367 3090; x_wconf 81' lang='lat' dir='ltr'><strong>ignem</strong></span> <span class='ocrx_word' id='word_1_218' title='bbox 380 3027 492 3087; x_wconf 83' lang='lat' dir='ltr'><strong>capere,</strong></span> <span class='ocrx_word' id='word_1_219' title='bbox 508 3008 595 3086; x_wconf 84' lang='lat' dir='ltr'><strong>siqui</strong></span> <span class='ocrx_word' id='word_1_220' title='bbox 608 3009 693 3076; x_wconf 85' lang='lat' dir='ltr'><strong>velit;</strong></span> <span class='ocrx_word' id='word_1_221' title='bbox 715 3009 863 3068; x_wconf 86' lang='lat' dir='ltr'><strong>eonsilium</strong></span> <span class='ocrx_word' id='word_1_222' title='bbox 877 3009 962 3066; x_wconf 89' lang='lat' dir='ltr'><strong>fidele</strong></span> <span class='ocrx_word' id='word_1_223' title='bbox 976 3008 1143 3066; x_wconf 85' lang='lat' dir='ltr'><strong>deliberanti</strong></span> <span class='ocrx_word' id='word_1_224' title='bbox 1156 3008 1241 3066; x_wconf 90' lang='lat' dir='ltr'><strong>dare:</strong></span> 
     </span>
     <span class='ocr_line' id='line_1_28' title="bbox 266 3098 1242 3180; baseline -0.002 -21"><span class='ocrx_word' id='word_1_225' title='bbox 266 3120 334 3180; x_wconf 82' lang='lat' dir='ltr'><strong>quae</strong></span> <span class='ocrx_word' id='word_1_226' title='bbox 351 3105 418 3157; x_wconf 89' lang='lat' dir='ltr'><strong>sunt</strong></span> <span class='ocrx_word' id='word_1_227' title='bbox 430 3099 464 3156; x_wconf 86' lang='lat' dir='ltr'><strong>iis</strong></span> <span class='ocrx_word' id='word_1_228' title='bbox 481 3098 571 3166; x_wconf 90' lang='lat' dir='ltr'><strong>utilia,</strong></span> <span class='ocrx_word' id='word_1_229' title='bbox 586 3100 634 3176; x_wconf 89' lang='lat' dir='ltr'><strong>qui</strong></span> <span class='ocrx_word' id='word_1_230' title='bbox 648 3099 799 3178; x_wconf 85' lang='lat' dir='ltr'><strong>accipiunt,</strong></span> <span class='ocrx_word' id='word_1_231' title='bbox 816 3098 896 3156; x_wconf 86' lang='lat' dir='ltr'><strong>danti</strong></span> <span class='ocrx_word' id='word_1_232' title='bbox 909 3117 967 3155; x_wconf 93' lang='lat' dir='ltr'><strong>nou</strong></span> <span class='ocrx_word' id='word_1_233' title='bbox 980 3098 1109 3155; x_wconf 89' lang='lat' dir='ltr'><strong>molesta.</strong></span> <span class='ocrx_word' id='word_1_234' title='bbox 1146 3098 1242 3167; x_wconf 79' lang='lat' dir='ltr'><strong>Quare</strong></span> 
     </span>
     <span class='ocr_line' id='line_1_29' title="bbox 266 3188 1241 3268; baseline -0.002 -19"><span class='ocrx_word' id='word_1_235' title='bbox 266 3201 296 3249; x_wconf 87' lang='lat' dir='ltr'><strong>et</strong></span> <span class='ocrx_word' id='word_1_236' title='bbox 310 3191 358 3248; x_wconf 86' lang='lat' dir='ltr'><strong>bis</strong></span> <span class='ocrx_word' id='word_1_237' title='bbox 372 3189 511 3247; x_wconf 88' lang='lat' dir='ltr'><strong>utendum</strong></span> <span class='ocrx_word' id='word_1_238' title='bbox 527 3199 578 3256; x_wconf 88' lang='lat' dir='ltr'><strong>est,</strong></span> <span class='ocrx_word' id='word_1_239' title='bbox 594 3198 623 3247; x_wconf 91' lang='lat' dir='ltr'><strong>et</strong></span> <span class='ocrx_word' id='word_1_240' title='bbox 637 3209 751 3268; x_wconf 81' lang='lat' dir='ltr'><strong>semper</strong></span> <span class='ocrx_word' id='word_1_241' title='bbox 764 3188 872 3267; x_wconf 83' lang='lat' dir='ltr'><strong>aliquid</strong></span> <span class='ocrx_word' id='word_1_242' title='bbox 890 3188 927 3245; x_wconf 91' lang='lat' dir='ltr'><strong>ad</strong></span> <span class='ocrx_word' id='word_1_243' title='bbox 943 3207 1123 3246; x_wconf 81' lang='lat' dir='ltr'><strong>communem</strong></span> <span class='ocrx_word' id='word_1_244' title='bbox 1137 3189 1241 3247; x_wconf 88' lang='lat' dir='ltr'><strong>utilita-</strong></span> 
     </span>
     <span class='ocr_line' id='line_1_30' title="bbox 266 3279 1274 3360; baseline 0.002 -20"><span class='ocrx_word' id='word_1_245' title='bbox 266 3294 328 3340; x_wconf 85' lang='lat' dir='ltr'><strong>tem</strong></span> <span class='ocrx_word' id='word_1_246' title='bbox 356 3279 540 3337; x_wconf 83' lang='lat' dir='ltr'><strong>affereudum.</strong></span> <span class='ocrx_word' id='word_1_247' title='bbox 592 3279 650 3336; x_wconf 88' lang='lat' dir='ltr'><strong>Sed</strong></span> <span class='ocrx_word' id='word_1_248' title='bbox 673 3280 807 3357; x_wconf 88' lang='lat' dir='ltr'><strong>quoniam</strong></span> <span class='ocrx_word' id='word_1_249' title='bbox 832 3280 922 3359; x_wconf 84' lang='lat' dir='ltr'><strong>oopiae</strong></span> <span class='ocrx_word' id='word_1_250' title='bbox 948 3298 1045 3358; x_wconf 84' lang='lat' dir='ltr'><strong>parvae</strong></span> <span class='ocrx_word' id='word_1_251' title='bbox 1066 3279 1274 3360; x_wconf 80' lang='lat' dir='ltr'><strong>singulorumtl</strong></span> 
     </span>
     <span class='ocr_line' id='line_1_31' title="bbox 264 3371 1241 3450; baseline -0.002 -19"><span class='ocrx_word' id='word_1_252' title='bbox 264 3381 345 3435; x_wconf 80' lang='lat' dir='ltr'><strong>sunt,</strong></span> <span class='ocrx_word' id='word_1_253' title='bbox 360 3389 459 3428; x_wconf 85' lang='lat' dir='ltr'><strong>eorum</strong></span> <span class='ocrx_word' id='word_1_254' title='bbox 481 3383 586 3437; x_wconf 86' lang='lat' dir='ltr'><strong>autem,</strong></span> <span class='ocrx_word' id='word_1_255' title='bbox 601 3371 650 3448; x_wconf 89' lang='lat' dir='ltr'><strong>qui</strong></span> <span class='ocrx_word' id='word_1_256' title='bbox 672 3371 716 3428; x_wconf 91' lang='lat' dir='ltr'><strong>his</strong></span> <span class='ocrx_word' id='word_1_257' title='bbox 740 3379 854 3450; x_wconf 83' lang='lat' dir='ltr'><strong>egeant,</strong></span> <span class='ocrx_word' id='word_1_258' title='bbox 876 3371 984 3429; x_wconf 88' lang='lat' dir='ltr'><strong>infinita</strong></span> <span class='ocrx_word' id='word_1_259' title='bbox 1004 3380 1048 3428; x_wconf 92' lang='lat' dir='ltr'><strong>est</strong></span> <span class='ocrx_word' id='word_1_260' title='bbox 1068 3371 1241 3430; x_wconf 87' lang='lat' dir='ltr'><strong>multitudo:</strong></span> 
     </span>
     <span class='ocr_line' id='line_1_32' title="bbox 265 3456 1243 3567; baseline -0.001 -46"><span class='ocrx_word' id='word_1_261' title='bbox 265 3463 396 3567; x_wconf 73' lang='lat' dir='ltr'><strong>vulgaria</strong></span> <span class='ocrx_word' id='word_1_262' title='bbox 411 3461 564 3518; x_wconf 82' lang='lat' dir='ltr'><strong>liberalitas</strong></span> <span class='ocrx_word' id='word_1_263' title='bbox 578 3461 725 3518; x_wconf 86' lang='lat' dir='ltr'><strong>referenda</strong></span> <span class='ocrx_word' id='word_1_264' title='bbox 739 3469 783 3519; x_wconf 87' lang='lat' dir='ltr'><strong>est</strong></span> <span class='ocrx_word' id='word_1_265' title='bbox 797 3461 835 3518; x_wconf 89' lang='lat' dir='ltr'><strong>ad</strong></span> <span class='ocrx_word' id='word_1_266' title='bbox 850 3463 929 3520; x_wconf 92' lang='lat' dir='ltr'><strong>illum</strong></span> <span class='ocrx_word' id='word_1_267' title='bbox 943 3456 1026 3520; x_wconf 82' lang='lat' dir='ltr'><strong>Ennii</strong></span> <span class='ocrx_word' id='word_1_268' title='bbox 1047 3462 1140 3530; x_wconf 90' lang='lat' dir='ltr'><strong>finem,</strong></span> <span class='ocrx_word' id='word_1_269' title='bbox 1155 3463 1243 3520; x_wconf 74' lang='lat' dir='ltr'><strong>nihilo</strong></span> 
     </span>
     <span class='ocr_line' id='line_1_33' title="bbox 263 3551 1242 3643; baseline -0.003 -30"><span class='ocrx_word' id='word_1_270' title='bbox 263 3554 365 3613; x_wconf 80' lang='lat' dir='ltr'><strong>minoe</strong></span> <span class='ocrx_word' id='word_1_271' title='bbox 386 3559 441 3626; x_wconf 73' lang='lat' dir='ltr'><strong>ipa</strong></span> <span class='ocrx_word' id='word_1_272' title='bbox 464 3553 553 3620; x_wconf 63' lang='lat' dir='ltr'><strong>lucen</strong></span> <span class='ocrx_word' id='word_1_273' title='bbox 577 3561 609 3643; x_wconf 82' lang='lat' dir='ltr'><strong>nt</strong></span> <span class='ocrx_word' id='word_1_274' title='bbox 630 3551 754 3610; x_wconf 84' lang='lat' dir='ltr'><strong>facultas</strong></span> <span class='ocrx_word' id='word_1_275' title='bbox 775 3553 820 3617; x_wconf 89' lang='lat' dir='ltr'><strong>sit,</strong></span> <span class='ocrx_word' id='word_1_276' title='bbox 836 3572 893 3630; x_wconf 86' lang='lat' dir='ltr'><strong>qua</strong></span> <span class='ocrx_word' id='word_1_277' title='bbox 914 3554 943 3610; x_wconf 88' lang='lat' dir='ltr'><strong>iu</strong></span> <span class='ocrx_word' id='word_1_278' title='bbox 965 3564 1077 3610; x_wconf 91' lang='lat' dir='ltr'><strong>nostros</strong></span> <span class='ocrx_word' id='word_1_279' title='bbox 1100 3552 1189 3610; x_wconf 85' lang='lat' dir='ltr'><strong>simus</strong></span> <span class='ocrx_word' id='word_1_280' title='bbox 1211 3552 1242 3610; x_wconf 89' lang='lat' dir='ltr'><strong>li·</strong></span> 
     </span>
     <span class='ocr_line' id='line_1_34' title="bbox 264 3642 390 3702; baseline -0.017 0"><span class='ocrx_word' id='word_1_281' title='bbox 264 3642 390 3702; x_wconf 81' lang='lat' dir='ltr'><strong>berales.</strong></span> 
     </span>
    </p>
   </div>
   <div class='ocr_carea' id='block_1_4' title="bbox 261 3801 1276 4062">
    <p class='ocr_par' dir='ltr' id='par_1_5' title="bbox 261 3801 1276 4062">
     <span class='ocr_line' id='line_1_35' title="bbox 307 3801 1243 3879; baseline -0.001 -18"><span class='ocrx_word' id='word_1_282' title='bbox 307 3801 411 3861; x_wconf 89' lang='lat' dir='ltr'>XVII.</span> <span class='ocrx_word' id='word_1_283' title='bbox 436 3802 550 3859; x_wconf 84' lang='lat' dir='ltr'><strong>Gradus</strong></span> <span class='ocrx_word' id='word_1_284' title='bbox 564 3808 661 3858; x_wconf 88' lang='lat' dir='ltr'><strong>autem</strong></span> <span class='ocrx_word' id='word_1_285' title='bbox 676 3801 773 3879; x_wconf 87' lang='lat' dir='ltr'><strong>plures</strong></span> <span class='ocrx_word' id='word_1_286' title='bbox 786 3812 854 3860; x_wconf 90' lang='lat' dir='ltr'><strong>sunt</strong></span> <span class='ocrx_word' id='word_1_287' title='bbox 867 3804 1010 3860; x_wconf 81' lang='lat' dir='ltr'><strong>societatis</strong></span> <span class='ocrx_word' id='word_1_288' title='bbox 1025 3802 1178 3860; x_wconf 87' lang='lat' dir='ltr'><strong>bominum.</strong></span> <span class='ocrx_word' id='word_1_289' title='bbox 1204 3802 1243 3860; x_wconf 85' lang='lat' dir='ltr'><strong>Ut</strong></span> 
     </span>
     <span class='ocr_line' id='line_1_36' title="bbox 261 3891 1243 3971; baseline -0.004 -19"><span class='ocrx_word' id='word_1_290' title='bbox 261 3893 346 3952; x_wconf 83' lang='lat' dir='ltr'><strong>enim</strong></span> <span class='ocrx_word' id='word_1_291' title='bbox 356 3892 394 3950; x_wconf 88' lang='lat' dir='ltr'><strong>ab</strong></span> <span class='ocrx_word' id='word_1_292' title='bbox 404 3891 452 3950; x_wconf 89' lang='lat' dir='ltr'><strong>illa</strong></span> <span class='ocrx_word' id='word_1_293' title='bbox 460 3891 568 3949; x_wconf 85' lang='lat' dir='ltr'><strong>infinita</strong></span> <span class='ocrx_word' id='word_1_294' title='bbox 577 3891 747 3960; x_wconf 85' lang='lat' dir='ltr'><strong>discedatur,</strong></span> <span class='ocrx_word' id='word_1_295' title='bbox 760 3896 876 3971; x_wconf 89' lang='lat' dir='ltr'><strong>propior</strong></span> <span class='ocrx_word' id='word_1_296' title='bbox 886 3902 930 3950; x_wconf 90' lang='lat' dir='ltr'><strong>est</strong></span> <span class='ocrx_word' id='word_1_297' title='bbox 940 3892 1069 3971; x_wconf 86' lang='lat' dir='ltr'><strong>ejusdem</strong></span> <span class='ocrx_word' id='word_1_298' title='bbox 1083 3892 1185 3968; x_wconf 82' lang='lat' dir='ltr'><strong>gentis,</strong></span> <span class='ocrx_word' id='word_1_299' title='bbox 1195 3911 1243 3948; x_wconf 88' lang='lat' dir='ltr'><strong>na·</strong></span> 
     </span>
     <span class='ocr_line' id='line_1_37' title="bbox 263 3981 1276 4062; baseline -0.006 -18"><span class='ocrx_word' id='word_1_300' title='bbox 263 3982 363 4051; x_wconf 78' lang='lat' dir='ltr'><strong>tionis,</strong></span> <span class='ocrx_word' id='word_1_301' title='bbox 378 3982 495 4062; x_wconf 82' lang='lat' dir='ltr'><strong>linguae,</strong></span> <span class='ocrx_word' id='word_1_302' title='bbox 510 4000 566 4060; x_wconf 90' lang='lat' dir='ltr'><strong>qua</strong></span> <span class='ocrx_word' id='word_1_303' title='bbox 580 3982 701 4041; x_wconf 85' lang='lat' dir='ltr'><strong>maxime</strong></span> <span class='ocrx_word' id='word_1_304' title='bbox 714 3982 843 4042; x_wconf 89' lang='lat' dir='ltr'><strong>homines</strong></span> <span class='ocrx_word' id='word_1_305' title='bbox 857 3984 1077 4062; x_wconf 81' lang='lat' dir='ltr'><strong>conjunguntur.</strong></span> <span class='ocrx_word' id='word_1_306' title='bbox 1120 3981 1243 4040; x_wconf 71' lang='lat' dir='ltr'><strong>Interim</strong></span> <span class='ocrx_word' id='word_1_307' title='bbox 1258 3985 1276 4039; x_wconf 76' lang='lat'>2</span> 
     </span>
    </p>
   </div>
   <div class='ocr_carea' id='block_1_5' title="bbox 0 0 1640 4775">
    <p class='ocr_par' dir='ltr' id='par_1_6' title="bbox 0 0 1640 4775">
     <span class='ocr_line' id='line_1_38' title="bbox 0 0 1640 4775; baseline 0 0"><span class='ocrx_word' id='word_1_308' title='bbox 0 0 1640 4775; x_wconf 95' lang='lat' dir='ltr'><strong> </strong></span> 
     </span>
    </p>
   </div>
  </div>
 </body>
</html>
