3259 4775
358 588 396 641 80
773 596 810 635 aa
825 594 953 635 orrreus

411 730 476 797 niet,
490 728 620 786 nimimm
635 726 840 785 Themistocles
853 734 897 784 eat
911 732 1012 784 auctor
1030 724 1228 795 adhibendus;
1250 726 1302 805 qui
1314 744 1372 786 cum
1415 684 1418 709 ἱ

410 819 611 885 consuleretur,
624 826 720 875 utrum
735 818 810 875 bono
824 816 884 873 1111
898 815 1025 893 pauperi,
1040 834 1078 872 an
1090 815 1184 873 miuus
1198 817 1324 895 probato
1335 816 1372 875 di·

411 908 462 966 1111
481 908 567 966 filiam
589 907 756 966 collocaret:
778 907 842 985 Ego
855 926 931 973 vero,
946 906 1044 982 inquit,
1058 906 1134 964 malo
1147 906 1251 975 rhum,
1268 907 1317 984 qui
1328 926 1372 985 pe

361 1006 393 1058 11
410 999 492 1057 cunia
505 1006 597 1076 egeat,
612 1018 698 1075 quam
712 997 870 1075 pecuniam,
881 1014 947 1075 quoe
960 996 1028 1055 viro.
1068 995 1128 1053 Sed
1142 997 1273 1074 corrupti
1286 1014 1372 1055 morea

410 1090 613 1168 depravatique
629 1097 695 1146 sunt
715 1086 901 1145 admiratione
915 1086 1083 1144 divitiarum.
1126 1086 1258 1155 Quarum
1272 1087 1372 1166 magni·
1416 1086 1419 1095 '

291 1208 293 1213 ·
362 1186 395 1238 12
411 1180 482 1237 tudo
496 1179 564 1258 quid
578 1179 616 1236 ad
630 1196 861 1255 unumquemque
881 1183 1013 1235 nostrum
1033 1178 1179 1255 pertinet?
1219 1177 1311 1237 Illum
1323 1179 1370 1237 ior·

347 1264 350 1277 '
411 1278 486 1328 tasse
501 1270 629 1347 adjuvat,
644 1268 693 1345 qui
708 1269 810 1325 habet:
834 1286 869 1325 ne
883 1266 912 1324 id
926 1266 1041 1344 quidem
1056 1286 1186 1346 semper:
1208 1268 1263 1326 sed
1275 1268 1322 1327 fac
1333 1269 1370 1348 ju·

362 1367 396 1418 13
412 1380 495 1428 1111;
517 1360 641 1418 utentior
655 1378 722 1416 11111
737 1358 791 1425 sit;
813 1357 959 1416 honestior
972 1376 1040 1416 vero
1059 1357 1229 1435 quomodo?
1272 1358 1377 1429 Quodsi

412 1451 496 1508 eliam
510 1451 602 1507 bonus
613 1450 665 1507 erit
679 1450 728 1515 111,
744 1467 779 1505 ne
793 1447 949 1527 impediant
962 1447 1077 1515 divitiae,
1090 1448 1243 1525 quominus
1254 1449 1374 1528 juvetur,

412 1539 497 1597 modo
512 1559 548 1597 ne
563 1526 716 1619 adjuveat;
738 1539 831 1616 sitque
853 1556 936 1596 omne
955 1538 1101 1615 judicium,
1116 1557 1173 1597 nou
1193 1558 1283 1616 qaam
1304 1540 1376 1598 locu·

365 1635 398 1687 14
414 1630 484 1706 ples,
500 1628 551 1686 sed
566 1628 656 1705 qualis
671 1628 790 1706 quisque
804 1629 850 1686 sit.
893 1628 1061 1686 Extremum
1082 1636 1180 1687 autem
1202 1638 1377 1709 pracceptum

414 1720 442 1777 in
455 1719 597 1777 beneficiis
611 1738 755 1797 operaque
770 1719 874 1787 danda,
888 1738 924 1776 ne
938 1718 1006 1797 quid
1021 1725 1120 1777 contra
1134 1719 1303 1797 aequitatem
1316 1740 1376 1779 con·

415 1810 524 1878 tendas,
539 1829 575 1868 ne
589 1809 657 1888 quid
672 1829 725 1887 pro
739 1809 848 1886 injuria.
890 1808 1119 1867 Fundamentum
1132 1810 1207 1867 enim
1220 1818 1269 1869 est
1281 1830 1379 1890 perpe·

414 1908 472 1959 tuoe
489 1900 740 1958 commendationis
761 1907 790 1957 et
813 1901 901 1956 famae
925 1899 1043 1976 justitia,
1058 1899 1119 1957 siue
1132 1918 1190 1978 qua
1202 1900 1274 1958 nihil
1288 1908 1378 1980 potest

281 2026 355 2173 >
415 2011 477 2049 esse
491 1991 644 2048 laudabile.

440 2171 519 2228 XXI.
542 2169 600 2227 Sed
614 2170 747 2248 quoniam
762 2170 798 2228 de
813 2189 847 2227 eo
861 2188 965 2247 genere
985 2170 1185 2229 beneficiorum
1204 2170 1318 2231 dictum
1331 2180 1381 2241 est,

414 2279 479 2337 quae
493 2260 529 2317 ad
544 2260 671 2338 singulos
685 2267 832 2338 spectant:
849 2260 983 2337 deinceps
997 2259 1033 2318 de
1047 2260 1089 2328 iis,
1099 2278 1164 2338 quae
1173 2260 1211 2318 ad
1225 2262 1382 2331 universos,

383 2357 399 2408 2
414 2369 537 2428 quaeque
547 2349 584 2408 ad
596 2370 655 2409 rem
666 2350 809 2429 publicam
820 2350 969 2428 pertinent,
980 2350 1183 2430 disputandum
1194 2358 1247 2410 est.
1278 2352 1383 2412 Eorum

415 2448 512 2499 autem
531 2441 659 2518 ipsorum
680 2442 784 2519 partim
804 2440 946 2520 ejusmodi
959 2449 1034 2509 sunt,
1049 2449 1082 2500 ut
1096 2442 1134 2499 ad
1147 2441 1297 2502 universos
1310 2443 1385 2502 cirea

415 2531 583 2608 pertineant,
595 2531 699 2608 partim
712 2532 840 2610 singulos
850 2540 884 2589 ut
898 2530 1048 2610 attingant,
1060 2551 1126 2609 quae
1139 2539 1207 2590 suut
1219 2533 1309 2591 etiam
1321 2552 1385 2613 gra-

383 2629 400 2680 3
415 2622 494 2679 tiora.
536 2621 640 2678 Danda
654 2640 741 2700 opera
762 2630 805 2680 est
826 2622 948 2690 omnino,
963 2622 987 2679 si
1000 2623 1100 2700 possit,
1114 2623 1252 2700 utrisque,
1267 2643 1322 2682 nec
1335 2623 1385 2682 mi-

414 2731 477 2781 nus,
491 2718 524 2769 ut
538 2712 621 2769 etiam
636 2712 754 2791 singulis
768 2712 949 2770 consulatur:
972 2713 1023 2770 sed
1037 2713 1085 2780 ita,
1100 2719 1133 2771 11
1147 2731 1181 2770 ea
1193 2731 1239 2770 res
1253 2721 1309 2772 aut
1321 2731 1385 2791 pre

383 2809 398 2861 4
416 2803 459 2870 sit,
475 2810 525 2860 aut
546 2811 622 2861 11111
637 2822 672 2860 ne
686 2803 762 2861 obsit
775 2803 815 2860 rei
830 2801 961 2880 publicar.
1004 2803 1038 2860 C.
1056 2802 1179 2861 Gracchi
1198 2802 1387 2862 frumentaria

415 2893 655 2973 magnalorgitio;
670 2893 856 2950 exhauriebat
866 2892 952 2972 igitur
962 2893 1093 2950 aerarium
1101 2912 1109 2962 ;
1123 2892 1236 2952 modica
1245 2892 1288 2952 M.
1302 2893 1387 2954 Octa·

417 2986 460 3053 vii,
486 2992 516 3044 et
540 2985 580 3043 roi
604 2984 727 3062 publicae
748 2983 911 3051 tolerabilia,
933 2990 963 3041 et
983 2983 1061 3060 plebi
1079 2983 1244 3052 necessaria,
1267 3003 1339 3064 ergo
1359 2991 1388 3044 11

383 3084 401 3134 5
416 3075 522 3136 civibus
536 3076 618 3134 11111
633 3075 753 3153 publicae
768 3074 906 3132 salutaris.
948 3074 983 3131 In
1002 3073 1098 3151 primis
1120 3081 1217 3132 autem
1229 3073 1389 3134 videndum

416 3166 470 3223 erit
483 3166 516 3233 ei,
532 3167 653 3242 quirem
669 3165 813 3243 publicam
833 3164 1050 3234 administrabit,
1063 3171 1098 3222 ut
1110 3183 1195 3222 suum
1208 3164 1333 3243 quisque
1346 3174 1389 3225 te·

384 3261 402 3312 6
416 3262 490 3322 neat,
502 3273 594 3331 neque
605 3254 733 3312 debonis
744 3255 920 3331 privatorum
935 3255 1048 3332 publice
1062 3254 1219 3313 deminutio
1228 3253 1290 3314 fiac.
1319 3257 1390 3316 Per·

417 3345 519 3403 niciose
533 3344 607 3402 enim
622 3344 773 3421 Philippus
786 3344 815 3401 in
826 3345 980 3413 tribunatu,
990 3364 1055 3403 cum
1068 3344 1163 3423 legem
1175 3344 1321 3424 agrariam
1333 3347 1391 3406 fer·

417 3442 468 3502 ret,
484 3453 570 3511 quam
591 3441 688 3492 tamen
709 3434 850 3512 antiquari
869 3434 952 3493 facile
973 3454 1074 3512 passus
1094 3443 1147 3502 est,
1163 3442 1193 3493 et
1210 3435 1239 3494 in
1252 3455 1291 3495 eo
1303 3437 1392 3496 vehe-

417 3532 527 3582 menter
548 3543 579 3581 se
599 3524 779 3582 moderatum
800 3525 949 3604 praebuit:
972 3525 1023 3584 sed
1044 3545 1110 3584 cum
1122 3526 1151 3584 iu
1163 3524 1279 3605 agendo
1300 3527 1394 3587 multa

419 3614 603 3692 populariter,
618 3622 680 3673 tum
701 3615 771 3673 illud
792 3615 875 3684 male,
889 3635 947 3673 non
967 3634 1029 3673 esse
1048 3615 1077 3673 in
1099 3616 1212 3674 civitate
1234 3616 1394 3678 duomilia

386 3705 402 3763 'l
418 3704 573 3773 hominum,
588 3706 637 3783 qui
657 3725 718 3764 rem
738 3707 885 3764 haberent.
928 3706 1064 3784 Capitalis
1083 3707 1181 3775 oratio,
1196 3707 1280 3766 etad
1295 3727 1395 3788 aequa·

418 3796 524 3853 tionem
546 3797 685 3854 bonorum
706 3797 869 3874 pertinens:
891 3815 948 3873 qua
963 3804 1044 3874 peste
1057 3816 1123 3875 quae
1143 3804 1320 3875 potestesse
1332 3819 1395 3860 1111-

387 3886 486 3965 Sjor‘?
522 3886 605 3944 Hanc
626 3887 699 3944 enim
720 3887 757 3946 ob
778 3906 893 3945 causam
914 3887 1045 3955 maxime,
1059 3895 1094 3945 ut
1107 3894 1334 3961 metuerentur,
1348 3909 1396 3952 res
1421 3909 1423 3920 ·

388 3983 405 4034 e
420 3976 543 4055 publioae
557 3976 742 4056 civitatesque
756 3976 919 4036 constitutas
932 3983 1007 4034 sunt.
1043 3978 1121 4036 Nam
1133 3978 1186 4037 etsi
1199 3978 1275 4038 (1111
1289 3987 1397 4062 natura
