3259 4775
611 601 698 641 arnna
712 603 730 641 1.
765 603 839 661 vcan.
855 605 938 642 xvur.
1251 588 1288 643 25

267 729 359 799 liberi,
384 729 544 809 propinqui,
568 731 735 789 familiares:
765 732 817 789 sed
839 751 936 790 omnes
958 732 1083 789 omnium
1106 731 1237 789 caritates

267 820 364 898 patria
382 837 441 876 una
465 819 612 896 complexa
632 828 694 878 est:
716 840 768 898 pro
782 840 839 898 qua
852 822 914 899 quis
929 822 1020 879 bonus
1035 821 1146 880 dubitet
1160 839 1235 878 mor·

267 917 328 968 tem
350 915 495 987 oppetere,
517 909 540 966 si
558 909 584 966 ei
602 910 638 966 sit
659 910 850 988 profuturus?
892 911 956 979 Quo
978 920 1021 969 est
1043 911 1235 969 detestabilior
1251 915 1286 967 13

265 999 389 1058 istorum
408 998 576 1066 immanitas,
591 999 639 1076 qui
659 1000 819 1058 lacerarunt
837 999 913 1058 omni
934 1002 1040 1058 scelere
1061 1001 1190 1079 patriam,
1206 1007 1235 1058 et

266 1088 296 1148 in
311 1108 347 1146 ea
360 1088 488 1145 funditus
502 1087 623 1145 delenda
637 1090 768 1166 occupati
789 1097 819 1147 et
839 1097 906 1147 sunt
925 1097 954 1147 et
974 1091 1096 1149 fuerunt.
1138 1090 1197 1148 Sed
1211 1090 1234 1149 si
1250 1094 1286 1149 14

266 1178 413 1237 contentio
426 1177 558 1255 quaedam
579 1184 608 1234 et
628 1179 802 1255 comparatio
825 1180 882 1248 fiat,
898 1180 1000 1257 quibus
1020 1180 1172 1257 plurimum
1185 1180 1233 1237 tri·

267 1267 418 1326 buendum
431 1267 468 1325 sit
481 1267 570 1334 officii,
586 1267 727 1344 principes
741 1269 797 1326 sint
810 1269 903 1345 patria
916 1276 945 1326 et
959 1277 1098 1346 parentes,
1114 1288 1234 1346 quorum

265 1357 411 1418 bencficiis
431 1357 560 1414 maximis
580 1357 697 1435 obligati
716 1377 830 1415 sumus:
864 1359 983 1437 proximi
1006 1359 1094 1426 liberi,
1117 1365 1233 1435 totaque

265 1447 383 1514 domus,
398 1467 463 1524 quae
486 1453 598 1523 spectat
617 1447 645 1503 in
665 1465 716 1504 nos
741 1449 824 1516 solos,
838 1467 930 1526 neque
944 1448 1021 1506 aliud
1034 1449 1125 1506 ullum
1139 1455 1234 1526 potest

264 1539 376 1596 habere
400 1536 581 1614 perfugium:
602 1536 736 1613 deinceps
760 1538 832 1595 bene
855 1538 1050 1597 convenientes
1074 1538 1232 1616 propinqui,

264 1628 440 1705 quibuscum
453 1625 610 1683 communis
625 1626 710 1684 etiam
732 1627 846 1684 fortuna
868 1627 1033 1706 plerumque
1047 1635 1098 1686 est.
1141 1629 1234 1698 Quam
1250 1633 1285 1686 15

264 1719 307 1776 ob
327 1735 390 1774 rem
410 1715 566 1773 necessaria
587 1716 722 1792 praesidia
735 1717 801 1774 ritae
815 1717 955 1774 debentur
968 1719 1000 1774 iis
1018 1718 1147 1784 maxime,
1162 1736 1233 1795 quos

263 1814 336 1864 ante
358 1806 433 1863 dixi:
454 1805 513 1861 vita
532 1812 628 1862 autem
642 1805 790 1883 victusque
813 1806 977 1874 communis,
993 1807 1113 1874 consilia,
1128 1798 1233 1864 serino-

263 1915 329 1963 nes,
345 1895 562 1961 cohortationes,
578 1895 790 1963 consolationes
805 1895 947 1952 interdum
962 1895 1047 1953 etiam
1061 1896 1234 1974 objurgatio-

262 2006 320 2044 nes
333 1985 364 2043 in
376 1983 503 2042 amicitiis
517 1984 614 2062 vigent
626 1985 763 2042 maxime:
786 1992 886 2062 estque
901 2004 934 2042 ea
945 1985 1151 2064 jucundissima
1164 1986 1232 2044 ami·

263 2076 345 2143 citia,
360 2093 446 2153 quam
459 2073 612 2132 similitudo
625 2094 737 2132 morum
751 2075 922 2154 conjugavit.

308 2255 423 2313 XVIII.
445 2253 503 2312 Sed
513 2253 542 2310 in
551 2252 595 2311 his
604 2254 733 2311 omnibus
742 2255 838 2313 officiis
846 2256 1002 2314 tribuendis
1010 2256 1163 2314 videndum
1172 2257 1233 2325 erit,

262 2345 339 2425 quid
362 2345 461 2423 cuique
483 2342 605 2401 maxime
628 2362 743 2403 necesse
767 2345 811 2413 sit,
832 2352 861 2403 et
881 2346 949 2424 quid
971 2346 1090 2425 quisque
1109 2347 1155 2405 vel
1175 2346 1234 2406 sine

262 2436 353 2495 nobis
375 2442 426 2492 aut
449 2433 539 2511 possit
561 2435 701 2511 consequi,
716 2442 767 2491 aut
789 2454 848 2493 non
868 2437 965 2513 possit.
1007 2438 1053 2494 Ita
1073 2457 1130 2495 non
1149 2438 1266 2497 iidem2

263 2532 355 2585 erunt
368 2522 605 2583 necessitudinum
619 2510 735 2602 gradus
747 2525 796 2602 qui
809 2532 986 2604 temporum3
1000 2534 1122 2609 suntque
1135 2528 1234 2597 officia,

263 2634 336 2695 quae
362 2614 422 2671 aliis
444 2616 545 2691 magia,
568 2634 654 2692 quam
677 2615 737 2671 aliis
762 2615 937 2673 debeantur:
958 2622 992 2673 ut
1012 2616 1133 2675 vicinum
1154 2613 1234 2676 tltius

263 2704 415 2783 adjuveris
437 2704 467 2761 in
486 2705 626 2763 fructibus
649 2704 843 2783 percipiendis,
859 2724 944 2781 quam
965 2712 1016 2764 aut
1037 2706 1163 2775 fratrem,
1185 2714 1235 2765 aut

265 2794 446 2861 familiarem,
467 2802 505 2862 at,
530 2796 554 2853 si
576 2796 610 2854 lis
633 2796 662 2853 in
682 2795 788 2872 judicio
810 2796 856 2863 sit,
878 2796 1067 2874 propinquum
1091 2797 1185 2875 potius
1205 2803 1235 2854 et

264 2885 403 2952 amicum,
418 2904 503 2962 quam
516 2885 639 2943 vicinum
652 2884 818 2942 defenderis.

310 2974 386 3032 Haec
408 2973 493 3051 igitur
513 2982 543 3032 et
562 2974 629 3031 talia
649 2974 902 3052 circumspicienda
916 2982 982 3031 sunt
1002 2975 1119 3032 inomni
1133 2974 1232 3043 officio,
1249 2982 1267 3033 3

268 3071 302 3123 et
315 3063 491 3121 consuetudo
505 3064 724 3141 exercitatioque
738 3064 884 3142 capienda,
896 3071 930 3121 ut
944 3064 1010 3121 boni
1023 3064 1234 3122 ratiocinatores

266 3154 427 3214 officiorum
447 3174 509 3212 esse
530 3156 678 3232 possimus,
694 3161 723 3214 et
736 3154 868 3212 addendo
890 3154 1116 3232 deducendoque
1130 3155 1234 3224 videre,

266 3264 340 3323 quae
361 3244 459 3321 reliqui
477 3264 589 3302 summa
602 3246 668 3303 fiat:
690 3264 726 3303 cx
739 3264 804 3321 quo,
820 3252 959 3321 quantum
973 3244 1073 3322 cuique
1088 3246 1233 3315 debeatur,

267 3333 423 3413 intelligas.
465 3334 524 3392 Sed
538 3342 571 3391 ut
585 3354 636 3393 nec
655 3335 757 3392 medici
769 3354 822 3412 nec
835 3335 1020 3413 imperatores
1033 3354 1085 3393 nec
1100 3343 1234 3407 oratores,
1250 3342 1267 3396 4

266 3423 401 3504 quamvis
414 3424 482 3481 artis
503 3431 648 3502 praejcepta
668 3425 854 3502 perceperint,
870 3425 1020 3503 quicquam
1034 3445 1137 3504 magna
1150 3426 1235 3485 laude

268 3514 395 3593 dignum
408 3514 468 3572 sine
483 3534 537 3571 usu
550 3522 580 3571 et
594 3514 791 3572 exercitatione
802 3516 936 3592 consequi
951 3523 1085 3592 possunt:
1100 3516 1139 3573 sic
1154 3517 1236 3575 officii

266 3603 457 3664 conservandi
470 3611 615 3682 praecepta
628 3604 782 3661 traduntur
794 3604 842 3661 illa
855 3605 977 3681 quidem,
989 3612 1022 3663 ut
1031 3605 1149 3663 iacimus
1164 3606 1234 3683 ipsi;

266 3693 322 3755 sed
337 3693 378 3751 rei
390 3692 557 3771 magnitudo
568 3712 651 3751 usum
661 3711 775 3770 quoque
790 3694 1072 3771 exercitationemque
1084 3695 1233 3753 desiderat.

266 3786 372 3861 Atque
395 3783 432 3841 ab
456 3782 488 3841 iis
511 3783 606 3850 rebus,
621 3802 684 3860 quae
706 3789 772 3839 sunt
795 3783 824 3840 in
843 3783 907 3860 jure
928 3784 1070 3841 societatis
1089 3785 1266 3853 humana-,b

265 3871 514 3956 quemadmodum
523 3871 644 3930 ducatur
656 3872 815 3940 honestum,
828 3891 863 3930 ex
873 3893 930 3951 quo
940 3880 1040 3951 aptum
1050 3880 1094 3932 est
1104 3874 1235 3944 officium,

265 3962 341 4024 sata
354 3961 413 4020 tere
426 3960 555 4020 diximus.
747 4038 766 4098 3
