3259 4775
360 583 397 637 56
617 596 655 634 nu
670 594 797 636 onnrcus
811 594 897 635 nrnnn
911 595 930 634 1.
972 594 1038 636 orn.
1053 594 1118 635 xiv.

414 725 489 782 cium
511 725 598 783 studii
617 731 776 802 quoererct;
797 732 860 782 tum
880 724 991 792 docere,
1007 733 1069 782 tum
1084 724 1192 785 discere
1204 725 1307 796 vellet,
1322 732 1385 788 tum

362 822 396 874 12
412 815 519 882 audire,
534 822 596 872 tum
610 815 711 872 dicere.
754 815 832 894 Ergo
847 834 930 873 omne
951 815 1082 883 officium,
1098 816 1176 893 quod
1189 816 1231 873 ad
1246 817 1381 895 conjunc·
1408 828 1411 833 '

411 907 517 964 tionem
537 905 683 963 hominum
704 912 734 962 ct
753 905 792 963 ad
813 906 977 963 societatem
997 906 1134 963 tuendam
1153 906 1240 974 valet,
1264 914 1381 986 antepo

411 996 537 1055 nendum
550 1003 594 1054 est
607 996 647 1053 illi
660 995 758 1064 officio,
769 996 848 1073 quod
862 996 1022 1074 cognitione
1035 1002 1065 1053 et
1078 996 1380 1139 scientiastcopt'pnepur.

1186 1104 1191 1127 r
1221 1120 1247 1148 st·
1289 1095 1322 1128 As

449 1267 539 1325 XLV.
555 1266 631 1325 Illud
646 1266 763 1324 forsitan
773 1265 960 1343 quaerendum
971 1267 1016 1335 sit,
1027 1285 1095 1324 num
1106 1266 1169 1324 haec
1181 1266 1378 1335 communita,

409 1376 475 1436 quae
498 1358 620 1414 maxime
644 1364 689 1414 est
708 1363 777 1434 apta
796 1365 915 1423 naturae,
937 1357 974 1414 sit
994 1356 1080 1414 ctiam
1105 1356 1296 1415 moderationi
1322 1376 1378 1414 mo·

377 1447 567 1523 2dcstiaeque
589 1464 703 1522 semper
723 1446 931 1523 anteponenda.
973 1445 1040 1503 Non
1062 1446 1166 1524 placet.
1208 1445 1285 1504 Sunt
1307 1448 1379 1505 enim

409 1536 543 1613 quaedam
568 1536 672 1613 partim
696 1535 735 1593 ita
758 1535 847 1603 foeda,
874 1536 978 1613 partim
1001 1536 1041 1593 ita
1064 1535 1213 1614 flagitiosa,
1237 1543 1328 1595 ntea
1346 1557 1379 1596 ne

409 1626 610 1683 conservandae
623 1625 739 1702 quidem
754 1625 853 1703 patriae
875 1644 961 1683 causa
982 1626 1093 1703 sapiens
1107 1626 1236 1684 facturus
1251 1627 1297 1686 sit.
1338 1629 1379 1686 Ea

408 1716 578 1774 Posidonius
602 1716 716 1796 collegit
740 1715 892 1794 permulta,
917 1716 969 1774 sed
993 1717 1034 1774 ita
1058 1723 1144 1774 taetra
1171 1717 1318 1793 quaedam,
1342 1717 1379 1776 ita

376 1813 393 1864 3
409 1808 553 1875 obscoena,
565 1814 599 1864 ut
610 1807 689 1865 dictu
699 1826 813 1884 quoque
824 1807 975 1864 videantur
989 1807 1091 1884 turpia.
1133 1807 1207 1866 Haec
1221 1807 1313 1886 igitur
1325 1828 1380 1868 non

409 1899 544 1976 suscipiet
564 1898 605 1956 rei
627 1898 750 1976 publicae
772 1916 877 1964 causa;
897 1916 934 1955 ne
954 1916 999 1954 res
1020 1897 1137 1974 publica
1150 1897 1268 1974 quidem
1282 1918 1338 1976 pro
1351 1918 1380 1958 se

377 1989 514 2066 4suscipi
527 1989 613 2047 volet.
655 1986 715 2045 Sed
729 1988 794 2044 haec
815 1987 992 2045 commodius
1006 2006 1037 2044 se
1051 2006 1097 2045 res
1111 1988 1209 2055 habet,
1225 1989 1306 2065 quod
1326 2009 1381 2048 non

410 2085 505 2154 potest
519 2077 647 2135 accidere
661 2083 785 2155 tempus,
800 2077 958 2135 ut'intersit
971 2077 1012 2135 rei
1032 2077 1164 2154 publicae,
1179 2077 1338 2156 quicquam
1351 2080 1381 2138 il'·

377 2178 394 2226 5
415 2168 507 2225 lorum
521 2168 615 2224 facere
629 2167 795 2244 sapientem.
839 2167 933 2236 Quare
947 2168 1001 2225 hoc
1015 2167 1131 2245 quidem
1145 2167 1280 2226 effectum
1293 2170 1341 2238 sit,
1355 2170 1382 2228 in

409 2257 505 2315 officiis
520 2257 676 2335 deligendis
690 2256 719 2314 id
734 2276 825 2335 genus
847 2257 1002 2315 officiorum
1022 2257 1169 2325 excellere,
1184 2257 1264 2335 quod
1284 2265 1381 2329 tepea-

377 2354 394 2406 6
409 2354 455 2406 tur
468 2347 615 2406 hominum
629 2347 772 2406 societate.
805 2347 920 2406 Etenim
935 2347 1125 2427 cognitionem
1140 2347 1383 2428 prudentiamque

409 2439 537 2515 sequitur
546 2438 725 2496 considerata
736 2438 820 2496 actio.
853 2438 951 2507 Italic,
963 2446 997 2496 ut
1006 2457 1092 2516 agere
1103 2438 1383 2518 consideratepluris

377 2529 393 2586 t
409 2528 456 2595 sit,
467 2547 553 2604 quam
568 2529 695 2606 cogitare
711 2527 874 2605 prudenter.
910 2529 1009 2606 Atque
1024 2530 1085 2586 haec
1100 2528 1216 2606 quidem
1229 2529 1380 2590 hactenus.

408 2617 575 2676 Patefactus
595 2626 640 2677 est
660 2619 735 2676 enim
754 2618 834 2676 locus
854 2619 924 2696 ipse,
939 2628 1042 2676 utnon
1063 2619 1100 2676 sit
1113 2619 1226 2676 difficile
1239 2619 1269 2677 iu
1283 2621 1382 2699 exqui-

377 2707 498 2766 8rendo
522 2709 621 2777 officie,
646 2708 716 2786 quid
740 2709 842 2788 cuique
869 2708 906 2766 sit
936 2709 1173 2786 praeponendum,
1197 2709 1305 2768 videre.
1348 2712 1382 2769 In

408 2798 471 2876 ipsa
484 2806 580 2857 autem
595 2799 798 2857 communitate
812 2806 879 2857 sunt
899 2799 1007 2877 gradus
1022 2799 1194 2858 officiorum:
1216 2799 1381 2877 exquibus,

409 2889 478 2968 quid
492 2889 593 2967 cuique
607 2897 734 2967 praestet,
749 2888 869 2967 intelligi
882 2890 988 2967 possit:
1009 2897 1042 2947 ut
1055 2889 1147 2967 prima
1161 2889 1214 2947 diis
1233 2888 1381 2949 immorta-

409 2980 491 3049 libus,
507 2981 633 3039 secunda
645 2965 763 3059 patriae,
785 2980 869 3038 tertia
890 2980 1065 3057 parentibus
1081 2978 1214 3057 deinceps
1235 2979 1382 3057 gradatim

377 3076 394 3129 9
408 3071 522 3148 reliquis
537 3072 704 3129 debeantur.
747 3071 858 3141 Quibus
873 3088 908 3127 ex
921 3071 1008 3128 rebus
1022 3069 1144 3128 breviter
1165 3070 1321 3147 disputatis
1341 3072 1382 3129 in·

409 3161 499 3240 telligi
514 3168 618 3239 potest,
634 3181 690 3218 non
711 3161 804 3218 solum
825 3160 854 3217 id
875 3160 1003 3219 homines
1025 3160 1115 3218 solere
1137 3160 1279 3229 dubitare,
1292 3161 1382 3221 hone-

410 3258 531 3319 stumne,
546 3269 582 3307 an
596 3258 680 3327 turpe
694 3250 747 3307 sit:
769 3250 821 3307 sed
842 3250 936 3318 etiam,
952 3250 1066 3310 duobus
1079 3250 1231 3329 propositis
1243 3250 1383 3321 honestis,

361 3346 396 3398 10
410 3347 507 3398 utrum
529 3340 684 3397 honestius.
726 3339 781 3397 Hic
803 3340 885 3397 locus
905 3360 922 3397 a
942 3340 1070 3398 Panaetio
1085 3348 1136 3409 est,
1151 3347 1185 3398 ut
1204 3359 1293 3419 supra
1315 3340 1382 3414 dm,

411 3429 633 3507 praetermissus.
676 3428 736 3487 Sed
746 3429 809 3509 jam
823 3429 862 3488 ad
875 3431 985 3509 reliqua
998 3450 1165 3512 pergamus.
