3259 4775
656 426 742 466 arara
757 425 800 465 na
842 424 909 466 ear.
927 427 974 466 xx.
1269 413 1323 468 100

311 574 432 638 unquam
451 554 630 615 eonsulatum
643 543 804 623 videretur;
825 556 860 625 Q.
880 555 1036 625 Metellum,
1054 556 1136 636 eujus
1156 557 1269 637 legatus

310 657 372 717 erat,
388 664 535 707 summum
547 645 639 703 virum
659 653 689 703 et
709 644 808 725 civem,
824 664 889 703 cum
903 646 940 703 ab
954 665 997 713 eo,
1016 646 1187 724 imperatore
1207 667 1268 716 suo,

308 737 429 798 Romam
448 736 552 794 missus
573 742 656 803 esset,
672 734 750 813 apud
770 734 911 811 populum
931 736 1090 794 Romanum
1109 738 1270 796 criminatus
1330 725 1333 734 ’

308 837 356 899 cst,
376 828 488 887 bellum
508 825 590 884 illum
610 824 732 882 ducere:
761 824 784 882 si
808 843 840 881 se
864 825 1009 883 considam
1029 826 1169 894 fecissent,
1191 829 1270 887 brevi

305 925 445 999 tempore,
459 921 510 974 aut
522 915 628 982 rivum,
643 921 694 972 aut
710 921 855 972 mortuum
869 914 888 973 J
890 915 1045 993 ugurtbam
1059 935 1089 973 se
1102 916 1131 973 in
1145 925 1270 994 potesta-

304 1015 361 1068 tam
376 1006 479 1086 populi
496 1004 618 1063 Romani
630 1003 773 1062 daturum.
815 1004 919 1081 Itaque
933 1005 1026 1062 faetus
1040 1011 1084 1062 est
1097 1006 1143 1063 ille
1156 1006 1301 1084 quidemt

304 1098 413 1166 eonsul,
429 1095 481 1154 sed
495 1114 512 1152 a
524 1094 582 1153 fide
598 1093 763 1172 justitiaque
777 1094 914 1162 discessit,
929 1095 978 1171 qui
998 1095 1138 1172 optimum
1157 1103 1187 1154 et
1206 1114 1270 1175 gru·

303 1189 454 1248 vissimum
473 1185 572 1255 civem,
587 1184 668 1264 cujus
688 1184 810 1263 legatus,
825 1192 854 1242 et
872 1204 890 1241 a
903 1204 960 1262 quo
974 1186 1076 1243 missus
1090 1192 1173 1253 esset,
1188 1185 1270 1244 inin·

303 1279 411 1337 ridiam
424 1276 497 1335 falso
511 1274 624 1334 crimine
637 1273 795 1333 adduxerit
831 1275 876 1332 Na
890 1284 986 1334 noster
999 1276 1114 1353 quidem
1129 1276 1268 1334 Gratidia·
1284 1283 1302 1335 3

302 1389 359 1427 nus
372 1367 465 1426 officio
478 1366 545 1425 boui
557 1364 608 1423 viri
620 1364 736 1422 functus
750 1372 795 1422 est
814 1371 885 1433 tum,
901 1385 967 1424 cum
987 1373 1096 1444 praetor
1114 1374 1198 1434 essct,
1212 1366 1269 1424 col-

303 1459 471 1538 legiumque
483 1461 640 1533 pratorum
653 1454 758 1513 tribuni
774 1454 851 1532 plebi
865 1456 1067 1524 adhibuissent,
1083 1463 1115 1513 ut
1129 1475 1174 1513 res
1188 1476 1268 1514 num-

303 1548 395 1607 maria
408 1547 446 1605 de
459 1545 601 1604 communi
613 1545 753 1602 sententia
762 1546 990 1604 constitueretur.
1018 1546 1038 1605 J
1039 1547 1188 1610 artabatur
1197 1547 1271 1603 enim

304 1638 483 1717 temporibus
506 1636 561 1694 illis
584 1656 715 1694 nummus
738 1636 788 1705 sic,
812 1642 846 1695 ut
872 1655 956 1694 nemo
979 1643 1077 1714 posset
1099 1637 1178 1703 scire,
1202 1636 1270 1713 quid

304 1730 435 1788 haberet.
466 1726 699 1805 Conscripserunt
713 1727 899 1785 communiter
912 1726 1037 1785 edictum
1051 1746 1117 1784 eum
1130 1744 1217 1803 poena
1229 1733 1270 1783 at·
1285 1731 1304 1782 4

304 1832 362 1898 que
373 1817 498 1898 judicio;
519 1816 790 1894 constitueruntque,
802 1824 837 1875 ut
850 1837 948 1875 omnes
961 1816 1045 1875 simul
1059 1817 1087 1874 in
1100 1824 1193 1874 rostra
1206 1823 1272 1894 post

304 1908 452 1968 meridiem
465 1907 657 1965 escenderent.
692 1906 730 1965 Et
743 1908 830 1965 ceteri
840 1907 953 1985 quidem
967 1907 1039 1964 alius
1053 1908 1122 1965 alio:
1137 1907 1271 1964 Mariusa
1285 1915 1303 1965 5

304 1998 446 2072 subselliis
464 1997 495 2055 in
513 2005 605 2055 rostra
624 2003 711 2064 reeta,
727 1996 822 2075 idque,
838 1997 916 2075 quod
931 1997 1118 2055 communiter
1132 1997 1269 2075 composi·

304 2097 369 2147 tum
391 2088 492 2155 fuerat,
514 2087 592 2145 solus
615 2086 711 2145 edixit.
752 2087 791 2144 Et
814 2105 849 2144 ea
868 2106 922 2154 res,
944 2087 967 2145 si
987 2087 1100 2164 quaeris,
1121 2087 1146 2145 ei
1166 2106 1271 2165 magno

304 2178 406 2237 honori
417 2177 480 2236 fuit.
516 2177 654 2235 Omnibus
667 2176 734 2244 vieis
749 2183 872 2235 statuae:
894 2176 932 2234 ad
946 2195 994 2235 eas
1007 2184 1063 2245 tus,
1078 2196 1110 2235 ee
1153 2222 1160 2236 .
1195 2177 1271 2246 Quid

304 2269 421 2327 multa?
464 2268 558 2326 Nemo
570 2286 696 2345 unquam
710 2267 882 2325 multitudini
897 2267 952 2325 fuit
965 2267 1039 2326 cario
1104 2268 1179 2326 Haee
1193 2275 1268 2335 sunt,
1285 2274 1302 2324 6
1327 2295 1329 2300 ·

304 2378 371 2439 quae
397 2358 568 2418 conturbant
589 2356 619 2415 in
638 2356 839 2416 deliberatione
864 2377 1074 2436 nonnunquam,
1096 2379 1163 2418 eum
1182 2359 1221 2427 id,
1243 2359 1272 2416 in

303 2469 363 2529 quo
382 2449 504 2508 violatur
524 2448 652 2526 aequitas,
673 2448 789 2506 nonita
808 2466 953 2527 magnum,
974 2449 1044 2507 illud
1065 2457 1170 2516 autem,
1193 2448 1271 2526 quod

303 2558 400 2600 exeo
423 2537 541 2617 paritur,
566 2556 754 2617 permagnum
777 2537 906 2596 videtur:
936 2544 970 2596 ut
992 2539 1092 2607 Mario,
1118 2539 1271 2617 praeripere

304 2628 424 2707 collegis
445 2635 476 2686 et
494 2627 613 2686 tribunis
636 2628 673 2705 pl.
697 2627 864 2706 popularem
886 2628 1015 2706 gratiam,
1031 2634 1087 2687 non
1108 2629 1148 2686 ita
1169 2634 1270 2706 turpe;

305 2718 452 2778 consulem
466 2718 503 2777 ob
517 2736 580 2776 eam
593 2736 654 2775 rem
667 2717 734 2785 fieri,
746 2717 825 2796 quod
839 2718 891 2776 sibi
906 2724 968 2775 tum
982 2725 1176 2797 proposuerat,
1187 2717 1270 2775 valde

306 2809 376 2868 utile
386 2808 544 2866 ridebatur.
573 2807 632 2866 Sed
646 2807 771 2865 omnium
780 2826 838 2864 una
852 2807 951 2885 regula
961 2815 1014 2875 est,
1026 2827 1111 2885 quam
1124 2808 1174 2865 tibi
1189 2808 1272 2886 cupio
1287 2807 1301 2865 t

305 2917 369 2958 esse
383 2897 578 2957 notissimam:
600 2903 651 2954 aut
663 2896 742 2965 illud,
758 2896 836 2974 quod
849 2897 918 2954 utile
931 2897 1050 2964 videtur,
1065 2904 1149 2974 turpe
1167 2917 1203 2955 ne
1220 2898 1271 2964 sit;

306 2996 366 3057 aut,
381 2988 406 3047 si
426 2994 511 3064 turpe
531 2993 582 3054 est,
597 3005 633 3044 ne
646 2986 779 3044 videatur
792 3005 855 3044 esse
868 2986 946 3044 utile.
988 2986 1062 3056 Quid
1076 2987 1185 3065 igitur?
1206 3006 1270 3064 pos·
1287 2994 1303 3045 8

307 3095 442 3136 sumusne
456 3083 507 3134 aut
519 3076 599 3134 illum
613 3075 735 3134 Marium
748 3075 839 3134 virum
849 3077 956 3135 bonum
967 3077 1102 3154 judicare,
1113 3083 1163 3134 aut
1172 3077 1271 3133 hune‘l

307 3166 427 3245 Explica
439 3173 526 3243 atque
540 3173 643 3224 excute
656 3165 870 3244 intelligentiam
889 3173 976 3234 tuam,
991 3173 1025 3224 ut
1037 3167 1141 3233 videas,
1157 3185 1221 3242 quae
1237 3166 1272 3223 sit

309 3256 336 3314 in
349 3276 384 3314 ea
397 3255 517 3335 speeies,
531 3254 622 3313 forma
636 3264 666 3314 et
679 3255 756 3313 notio
769 3255 822 3313 viri
834 3255 908 3314 boni.
950 3255 1034 3313 Cadit
1054 3275 1122 3333 ergo
1141 3255 1169 3313 in
1182 3257 1272 3314 virum
1287 3261 1304 3313 9

310 3346 415 3404 bonum
434 3344 546 3403 mentiri
565 3345 749 3404 emolumenti
768 3345 812 3403 sui
832 3364 927 3412 eausa,
943 3345 1090 3412 criminari,
1106 3347 1270 3424 praeripere,

312 3434 430 3493 lallare?
471 3434 549 3492 Nihil
563 3434 691 3513 profecto
705 3435 806 3493 minus.
847 3434 901 3492 Est
915 3454 983 3513 ergo
998 3435 1055 3492 ulla
1068 3436 1207 3511 restanti,
1223 3442 1273 3491 aut
1288 3441 1324 3493 10

314 3524 491 3584 commodum
504 3524 595 3582 ullum
608 3532 667 3582 tam
681 3523 883 3602 expetendum,
897 3531 931 3583 ut
944 3525 996 3582 viri
1014 3525 1080 3584 boni
1094 3532 1123 3582 et
1141 3524 1271 3602 splendo-

314 3630 368 3672 rem
381 3623 410 3672 et
423 3633 527 3672 nomen
540 3615 677 3672 amittas?
719 3614 794 3684 Quid
808 3612 860 3682 est,
875 3615 953 3692 quod
973 3615 1073 3673 afferre
1091 3621 1205 3672 tautum
1219 3612 1271 3669 uti·
1289 3617 1320 3670 ll

314 3700 374 3762 litas
394 3705 458 3773 ista,
478 3723 543 3782 quae
562 3704 673 3772 dicitur,
696 3704 793 3781 possit,
808 3711 947 3782 quantum
966 3706 1085 3771 auferre,
1100 3705 1124 3760 si
1144 3702 1210 3761 boui
1223 3700 1274 3757 viri

314 3808 413 3854 nomen
426 3794 569 3871 eripuerit,
583 3794 670 3851 fidem
684 3794 880 3872 justitiamque
894 3793 1069 3851 detraxerit?
1110 3790 1186 3859 Quid
1200 3790 1274 3846 enim
1289 3793 1325 3847 10
