3259 4775
386 582 423 641 74
800 602 836 638 ns
853 601 979 641 orrrerrs

436 730 575 788 sordidius
588 731 672 808 regi?
693 731 793 788 melius
808 731 901 799 etiam,
916 732 995 808 quod
1015 731 1195 811 largitionem
1209 732 1375 810 corruptelam

436 839 498 877 esse
508 821 586 878 dixit.
614 821 661 878 Fit
670 822 744 879 enim
756 821 886 888 deterior,
898 822 947 898 qui
959 822 1070 898 accipit,
1084 830 1171 900 atque
1186 823 1225 881 ad
1238 823 1312 881 idem
1323 841 1376 882 sen·

404 917 488 987 8per
509 911 718 987 expectandum
741 911 873 989 paratior.
915 911 979 970 Hoc
1002 912 1048 970 ille
1067 913 1133 982 filio,
1149 913 1203 971 sed
1225 919 1376 991 praeceplnn

436 1009 570 1079 putemus
584 1001 722 1059 omnibus.
764 1000 956 1069 Quamobrem
971 1001 1000 1059 id
1014 1002 1130 1080 quidem
1143 1022 1202 1062 non
1216 1003 1330 1063 dubium
1339 1007 1376 1070 est,

436 1091 503 1168 quin
525 1091 573 1148 illa
595 1091 761 1170 benignitas,
780 1110 846 1168 quar
866 1098 977 1149 constet
997 1111 1033 1150 ex
1053 1111 1140 1169 opera
1161 1101 1192 1151 et
1212 1093 1375 1161 industriaet

436 1182 579 1240 honestior
599 1182 643 1248 sit,
659 1188 688 1239 et
710 1181 795 1238 letius
816 1188 923 1258 pateat,
938 1190 968 1238 et
990 1182 1081 1260 possit
1102 1182 1241 1259 prodesse
1263 1184 1375 1263 pluribus

404 1279 421 1331 a
438 1271 648 1349 Nonnunquam
662 1279 756 1328 tamen
767 1277 811 1329 est
825 1271 1012 1349 largiendum,
1023 1290 1075 1329 nec
1088 1271 1144 1331 hoc
1157 1272 1332 1351 benignitatis
1341 1289 1380 1352 ge·
1398 1335 1400 1340 ,

436 1382 489 1419 nus
514 1362 626 1419 omnino
649 1361 858 1438 repudiandum
880 1368 932 1428 est,
954 1370 984 1419 et
1008 1381 1085 1439 saepe
1110 1362 1219 1421 idoneis
1242 1363 1375 1421 hominibu

436 1452 628 1529 indigentibus
642 1450 679 1507 de
692 1470 724 1508 re
737 1450 866 1509 familiari
881 1451 1117 1528 impertiendum:
1132 1453 1184 1511 sed
1196 1453 1375 1531 diligenterat·

386 1547 421 1597 10
436 1560 491 1617 que
505 1541 659 1599 moderate.
700 1540 784 1599 Multi
798 1540 872 1598 enim
888 1541 1056 1618 patrimonia
1069 1541 1233 1601 effuderunt
1246 1541 1375 1603 inconsulte

435 1630 591 1709 largiendo.
627 1631 702 1699 Quid
717 1638 812 1689 autem
828 1637 872 1688 est
885 1631 1008 1699 stultius,
1025 1650 1119 1708 quam,
1133 1633 1214 1709 quod
1227 1631 1386 1692 libenterle·

385 1728 419 1779 11
436 1721 501 1789 aiae,
517 1741 624 1789 curare,
639 1729 672 1779 ut
691 1722 721 1779 id
740 1721 846 1779 diutius
864 1721 958 1779 faeere
973 1741 1030 1779 non
1048 1722 1162 1799 possis?
1204 1723 1303 1801 Atque
1314 1721 1374 1780 etan

435 1821 592 1891 sequuntur
606 1812 782 1890 largitionem
797 1811 912 1889 rapinae.
954 1811 1029 1869 (lum
1047 1812 1122 1869 enim
1135 1811 1232 1871 dando
1245 1831 1324 1891 egere
1335 1829 1374 1869 ca

385 1910 420 1960 12
435 1911 547 1981 penmt,
561 1904 656 1961 alienis
671 1902 750 1960 bonis
764 1920 868 1959 manus
878 1901 979 1959 afferre
992 1908 1141 1980 coguntur.
1177 1903 1233 1971 Ita,
1246 1923 1311 1961 cum
1320 1899 1374 1961 bat

435 1993 564 2051 volentiae
587 1991 786 2069 comparandae
814 2010 900 2048 causa
922 1992 1040 2050 benefici
1060 2011 1124 2049 esse
1140 1992 1238 2061 velint,
1252 2013 1308 2052 non
1318 1996 1375 2050 mu

437 2082 532 2139 studia
555 2088 745 2158 assequuntur
771 2101 878 2149 eorum,
903 2082 1006 2158 quibus
1030 2081 1180 2151 dederunt,
1205 2090 1311 2161 quanta
1329 2078 1375 2139 cd'n

385 2180 419 2229 13
435 2191 541 2239 eorum,
556 2172 659 2248 quibus
680 2172 856 2229 ademerunt.
898 2172 1090 2240 Quamobrem
1110 2191 1163 2231 nec
1181 2173 1223 2232 ita
1242 2169 1375 2232 chuduh

435 2282 479 2320 res
500 2268 545 2319 est
564 2262 716 2330 familiaris,
731 2270 765 2319 ut
782 2281 846 2319 eam
865 2262 1025 2340 benignitas
1039 2262 1149 2340 aperire
1162 2283 1221 2322 non
1234 2263 1327 2342 possit,
1338 2277 1380 2320 nat·

434 2353 474 2410 ita
487 2352 646 2421 reseranda,
661 2359 695 2410 ut
716 2359 814 2431 pateat
836 2353 983 2411 omnibus:
1004 2352 1107 2411 modus
1127 2354 1305 2423 adhibeatur,
1317 2353 1375 2429 isque

324 2500 327 2505 .
386 2450 419 2501 14
434 2443 572 2500 referatur
582 2443 619 2500 ad
633 2443 791 2502 facultates.
822 2443 943 2501 Omnino
953 2444 1112 2502 meminisse
1124 2444 1262 2504 debemus
1272 2445 1308 2513 id,
1318 2438 1376 2521 qnod

434 2553 451 2590 a
471 2533 574 2589 nostris
593 2533 752 2591 homiuibus
771 2534 927 2611 saepissime
946 2543 1124 2611 usurpatum,
1138 2536 1199 2613 jam
1217 2537 1246 2594 in
1259 2528 1376 2614 proverbi

387 2630 419 2683 15
435 2622 666 2682 consuetudinem
675 2623 759 2691 venit,
769 2623 947 2701 largitionem
956 2623 1077 2681 fundum
1086 2644 1143 2682 non
1151 2626 1265 2685 habere.
1286 2621 1376 2683 Etenim

434 2714 496 2791 quis
510 2721 606 2790 potest
619 2714 721 2771 modus
736 2733 805 2780 esse,
819 2733 884 2771 cum
899 2720 928 2771 et
941 2713 1016 2771 idem
1027 2715 1076 2792 qui
1090 2723 1270 2784 consuerunt,
1282 2722 1310 2774 et
1319 2712 1392 2772 idem·

432 2805 503 2863 illud
517 2805 562 2863 alii
576 2804 758 2862 desiderent?

472 2989 553 3047 XVI.
576 2988 696 3045 Omnino
715 2987 772 3045 duo
793 2992 860 3043 sunt
881 3004 987 3063 genera
1006 2986 1160 3063 largorum,
1175 3006 1297 3064 quorum
1315 2977 1376 3043 alteri

401 3079 554 3156 tprodigi,
564 3079 644 3136 alteri
652 3078 790 3137 liberales.
819 3075 944 3154 Prodigi,
954 3075 1003 3154 qui
1011 3076 1110 3154 epulis,
1120 3083 1150 3134 et
1158 3075 1376 3137 incentionibus

434 3176 463 3226 et
472 3169 664 3246 gladiatorum
673 3168 845 3234 muneribus,
857 3166 991 3224 ludorum
999 3166 1237 3244 venationumque
1247 3170 1375 3245 apparatu,

434 3257 568 3334 pecunias
583 3256 760 3332 profundunt
773 3257 802 3313 in
816 3275 865 3313 eas
879 3275 933 3322 res,
949 3275 1069 3332 quarum
1083 3257 1252 3325 memoriam
1265 3264 1314 3314 aut
1329 3255 1376 3314 bre

400 3355 417 3404 3
433 3366 497 3404 vem
512 3352 562 3401 aut
576 3344 683 3400 nullam
697 3346 809 3403 omnino
824 3347 880 3404 sint
894 3346 1025 3404 relicturi.
1066 3346 1212 3404 Liberales
1226 3355 1328 3413 autem,
1341 3337 1376 3419 qul

433 3436 489 3492 suis
503 3433 686 3492 facultatibus
702 3442 753 3493 aut
768 3443 867 3513 captos
885 3455 903 3493 a
923 3436 1104 3514 praedonibus
1123 3437 1276 3506 redimunt,
1294 3442 1378 3495 autm

432 3525 555 3582 alienum
579 3524 736 3602 suscipiunt
763 3527 926 3594 amicorum,
948 3533 999 3583 aut
1022 3527 1051 3583 in
1072 3527 1193 3584 fiharum
1213 3524 1379 3586 collocutione

432 3614 642 3692 adjuvantem
663 3616 838 3693 opitulantur
857 3617 886 3674 in
908 3635 939 3674 re
955 3616 1001 3674 vel
1015 3616 1178 3693 quaerenda,
1192 3617 1239 3674 vel
1257 3612 1381 3696 augenda

402 3705 535 3781 tItaque
551 3696 651 3774 miror,
674 3707 742 3782 quid
764 3706 792 3762 in
816 3694 942 3764 mentem
961 3706 1069 3764 venerit
1092 3706 1292 3783 Theophrasto
1315 3706 1384 3765 inec

430 3793 511 3862 libro,
527 3815 611 3872 quem
626 3797 662 3853 de
676 3796 779 3854 divitiis
793 3796 923 3872 scripsit:
944 3796 973 3852 in
987 3815 1044 3874 quo
1059 3797 1150 3853 multa
1167 3796 1314 3872 praeclare,
1327 3788 1387 3855 hlud

430 3885 561 3944 absurde.
602 3887 655 3943 Est
669 3887 743 3944 enim
756 3886 864 3943 multus
877 3886 906 3943 in
919 3886 1063 3943 laudanda
1081 3886 1293 3964 magnificentia
1306 3894 1336 3945 et
1347 3902 1388 3965 ap

429 3977 574 4057 paratione
599 3977 778 4055 popularium
800 3995 966 4034 munerum:
988 3976 1143 4053 taliumque
1164 3983 1334 4055 sumptuum
1356 3974 1397 4061 ln·
