3259 4775
639 611 726 651 unsa
738 613 786 656 n·
800 613 868 652 cnr.
883 612 961 653 xxxa
1277 598 1309 651 ll

328 740 420 818 quidem,
432 742 638 801 severissimum
651 719 948 836 philosophorumJob
962 761 1081 821 eamque
1095 761 1155 801 rem
1169 727 1261 820 ipsam

327 847 431 909 mgnum
443 840 471 891 et
491 832 600 892 clarum
620 833 715 891 fuisse.
756 833 980 891 Innumerabiles
1001 834 1063 892 elice
1088 831 1260 892 dissimilitu·
1279 833 1310 892 ll

324 918 386 979 dines
406 930 466 981 sunt
492 931 605 981 naturae
630 926 808 1000 morumque,
836 922 949 981 minime
977 931 1073 981 tamen
1099 924 1260 1002 vituperan-

1290 1009 1344 1134 Η

353 1190 438 1252 XXXI.
451 1192 622 1252 Admodum
635 1199 731 1251 autem
745 1192 869 1251 tenenda
883 1201 950 1251 sunt
963 1213 1015 1251 sua
1027 1193 1136 1271 cuique,
1150 1212 1207 1252 non
1222 1191 1260 1250 vi-

325 1277 431 1349 based
440 1291 536 1342 tamen
546 1284 669 1363 propria,
679 1303 736 1361 quo
746 1283 855 1342 facilius
864 1283 999 1343 decorum
1008 1284 1085 1351 illud,
1096 1283 1173 1362 quod
1182 1303 1259 1361 qum-

324 1366 393 1440 fmus,
404 1374 562 1432 retineatur.
604 1373 653 1432 Sic
674 1373 749 1432 enim
769 1380 814 1431 est
836 1373 1005 1442 faciendum,
1028 1381 1061 1432 ut
1081 1383 1179 1432 eontra
1199 1373 1291 1433 uni-‘2

326 1475 405 1521 tanam
425 1471 557 1522 naturam
581 1464 653 1522 nihil
677 1463 892 1530 contendamus,
914 1482 948 1522 ea
968 1473 1064 1522 tamen
1084 1472 1258 1532 conservata,

324 1553 434 1629 proprian
452 1562 587 1612 naturam
607 1573 762 1631 sequamur
774 1573 780 1621 ;
802 1560 844 1621 ut,
860 1554 969 1612 etiarnsi
983 1554 1038 1613 sint
1052 1555 1106 1612 alia
1120 1555 1258 1634 graviora,

325 1642 392 1699 bnen
409 1664 459 1702 nos
483 1644 579 1703 studia
602 1653 698 1703 nostra
721 1652 826 1702 nostrae
847 1653 958 1703 naturae
980 1646 1078 1723 regula
1099 1647 1257 1704 metiamur.

325 1725 397 1807 Xeque
408 1736 479 1793 enim
501 1735 602 1793 attinet
622 1743 732 1793 naturae
748 1753 918 1812 repugnare,
933 1754 985 1791 nce
1006 1736 1156 1812 quicquum
1170 1735 1258 1811 sequi,
1273 1742 1290 1792 3

325 1822 379 1894 qnod
395 1826 502 1904 assequi
523 1845 581 1883 non
602 1844 699 1903 queas·
715 1823 763 1904 (ex
783 1843 841 1901 quo
860 1824 953 1902 magis
974 1825 1102 1902 emergit,
1118 1825 1202 1901 quale
1223 1825 1260 1881 sit

325 1905 427 1973 decorum
451 1914 546 1995 illud)
570 1916 644 1983 ideo,
668 1915 734 1994 quia
757 1915 826 1973 nihil
851 1914 935 1972 decet
959 1914 1046 1971 invita
1069 1914 1205 1981 Minerva,
1227 1923 1260 1971 ut

325 1997 385 2071 aunt,
395 2006 422 2064 id
439 2014 492 2076 est,
507 2007 675 2064 adversante
695 2012 725 2063 et
744 2012 923 2084 repugnante
943 2012 1052 2063 natura.
1095 2003 1215 2061 Omnino
1235 2004 1290 2062 sil

325 2089 441 2170 quitquam
453 2105 498 2155 est
513 2097 657 2164 decorum,
669 2096 738 2154 nihil
752 2103 797 2154 est
812 2096 941 2173 profecto
951 2095 1051 2173 magis,
1061 2114 1147 2172 quam
1162 2113 1281 2173 aequa-J

325 2174 390 2241 bilitas
401 2188 537 2246 universae
552 2188 629 2255 vitae‚
643 2193 705 2245 tum
721 2187 896 2265 singularum
911 2186 1070 2253 actionum;
1092 2205 1178 2263 quam
1192 2206 1257 2243 eon·

325 2283 405 2333 leuare
418 2297 473 2335 non
486 2278 587 2355 possis,
602 2277 626 2335 si
639 2277 757 2334 aliorum
770 2284 901 2334 naturam
915 2276 1026 2333 imitans
1040 2277 1154 2333 onrittas
1168 2284 1256 2334 tuam.
1296 2307 1424 2397 mm

324 2352 353 2416 Ut
368 2366 429 2425 enim
449 2388 578 2426 sermone
599 2388 633 2426 eo
654 2367 792 2426 debemus
813 2367 863 2436 uti,
878 2367 926 2445 qui
947 2374 1037 2514 naq*
1051 2374 1095 2426 est
1107 2367 1197 2435 nobis,
1212 2377 1290 2436 ne,5
1321 2402 1324 2413 ι
1387 2373 1390 2389 “

324 2454 462 2529 boumn,
480 2460 582 2517 Graeca
595 2459 683 2516 verba
696 2459 870 2516 inculcantes
888 2459 953 2535 jure
974 2478 1012 2536 op
1026 2477 1082 2515 imo
1095 2478 1118 2514 rr
1140 2477 1256 2515 eamur:

323 2535 509 2607 &mactiones
530 2567 699 2625 omnemque
713 2548 800 2606 vitam
821 2549 929 2606 nullam
950 2548 1041 2606 disere
1064 2549 1169 2606 antiam
1192 2567 1257 2606 con-

272 2668 275 2699 ι
289 2668 293 2673 ·
322 2612 651 2719 faedebemusffitque
662 2640 727 2696 haec
739 2638 896 2696 differentia
906 2626 1042 2696 naturaru
1085 2647 1194 2696 tantam
1208 2640 1256 2696 ha·
1273 2644 1290 2696 6

272 2720 277 2789 i
323 2713 358 2776 Μ
367 2722 421 2796 vim,
434 2736 467 2787 ut
480 2747 681 2806 nonnunquam
702 2737 825 2786 mortem
847 2729 900 2787 sibi
919 2728 980 2807 ipsc
1001 2729 1173 2788 consciscere
1187 2729 1258 2787 alius
1363 2708 1405 2807 Η)

323 2803 407 2886 debeat,
420 2821 490 2878 alius
504 2821 533 2877 in
547 2820 647 2878 eadem
668 2838 754 2877 causa
774 2838 831 2877 non
853 2819 967 2877 debeat.
1008 2819 1086 2876 Num
1110 2819 1184 2876 enim
1204 2819 1290 2876 alia'l

321 2892 425 2966 incensa
444 2910 483 2968 M.
505 2911 579 2968 Cato
598 2910 660 2977 fuit,
681 2909 736 2966 alia
756 2909 851 2976 ceteri,
865 2909 914 2985 qui
934 2928 964 2966 se
984 2909 1013 2965 in
1034 2908 1134 2965 Africa
1153 2908 1258 2966 Coesari

291 3066 295 3071 Ι
321 2988 490 3084 benetune?
531 3000 624 3077 Atqui
644 2999 744 3057 ceteris
765 2999 883 3057 forsitan
897 2999 964 3056 vitio
979 2998 1080 3054 datum
1094 3004 1176 3063 esset,
1192 2997 1215 3054 si
1228 3017 1258 3055 se

319 3084 503 3159 assuissenr
528 3098 680 3167 propterea
704 3089 781 3166 quod
807 3088 896 3146 lenior
919 3106 1018 3145 eorum
1038 3085 1097 3142 vita
1117 3093 1147 3143 et
1167 3105 1259 3145 mores

317 3162 406 3236 fuerant
416 3181 572 3238 faciliores:
594 3180 696 3237 (latoni
711 3199 777 3237 cum
794 3177 986 3237 incredibilem
999 3176 1145 3234 tribuisset
1158 3185 1260 3236 natura

315 3266 469 3340 affluerem,
495 3289 615 3347 eamque
635 3271 696 3348 ipse
720 3278 861 3347 perpetua
883 3267 1040 3326 constantia
1061 3268 1258 3337 roboravisset,

311 3359 461 3438 aefflperque
483 3362 513 3419 in
535 3361 680 3438 proposito
701 3367 892 3437 susceptoque
912 3359 1025 3417 consilio
1047 3359 1257 3436 permansisset,

310 3444 467 3509 monendum
492 3451 595 3528 potius,
620 3470 706 3527 quam
733 3451 843 3528 tyranni
866 3450 963 3507 vultus
990 3449 1169 3528 aspiciendus
1196 3451 1258 3511 fuit

307 3519 390 3596 Quam
408 3542 499 3600 multa
520 3561 622 3618 passus
641 3548 686 3598 est
699 3541 797 3598 Ulixes
812 3541 840 3597 in
859 3540 906 3599 illo
921 3559 1014 3598 errore
1035 3540 1177 3610 diuturno,
1193 3551 1292 3601 cumtl

305 3617 332 3711 ξι
343 3631 497 3691 mulieribus
509 3630 545 3710 (si
559 3632 640 3689 Circe
654 3637 683 3689 et
697 3630 824 3707 Calypso
838 3631 969 3688 mulieres
982 3628 1164 3709 appellandae
1179 3637 1259 3710 sunt)

303 3717 445 3790 mstririret,
461 3723 531 3780 etin
545 3721 621 3779 omni
642 3740 770 3778 sermone
793 3721 924 3778 omnibus
946 3721 1088 3779 affabilem
1109 3728 1139 3778 et
1158 3721 1259 3797 jucun·

303 3788 368 3864 dum
379 3829 407 3869 se
420 3830 483 3870 esse
496 3812 582 3869 vellet
593 3812 606 3869 ‘2
638 3811 724 3869 Domi
736 3830 804 3869 vero
818 3811 903 3869 etiam
917 3812 1100 3869 contumelias
1115 3830 1261 3868 servorum

304 3897 514 3979 mlvillarumque
536 3902 661 3979 pertulit,
676 3908 710 3959 ut
729 3900 766 3958 ad
786 3902 816 3959 id
836 3902 996 3980 aliquando,
1018 3901 1096 3978 quod
1119 3900 1260 3975 cupiebat.

308 3987 408 4051 veniet
444 3993 488 4050 At
500 3992 587 4071 Ajax‚
602 4011 659 4069 quo
673 3993 765 4051 animo
779 3993 910 4061 traditur,
920 3993 1020 4050 millies
1035 3996 1173 4067 oppetere
1186 4007 1259 4045 mor·
1297 4022 1304 4043 ·.
1349 4044 1353 4051 .

760 4088 763 4093 ,
883 4080 903 4097 ,
